@article{feller2024algebraic,
  title = {An algebraic proof of the graph orientation problem dichotomy for forbidden tournaments},
  author = {Roman Feller and Michael Pinsker},
  journal = {CoRR},
  year = {2024},
  doi = {10.48550/arXiv.2405.20263},
  eprinttype = {arXiv},
  eprint = {2405.20263},
}



@inproceedings{DualitiesCSP,
  author    = {Andrei A. Bulatov and
               Andrei A. Krokhin and
               Beno{\^{\i}}t Larose},
  editor    = {Nadia Creignou and
               Phokion G. Kolaitis and
               Heribert Vollmer},
  title     = {Dualities for Constraint Satisfaction Problems},
  booktitle = {Complexity of Constraints - An Overview of Current Research Themes
               [Result of a Dagstuhl Seminar]},
  series    = {Lecture Notes in Computer Science},
  volume    = {5250},
  pages     = {93--124},
  publisher = {Springer},
  year      = {2008},
  url       = {https://doi.org/10.1007/978-3-540-92800-3\_5},
  doi       = {10.1007/978-3-540-92800-3\_5},
  timestamp = {Sat, 19 Oct 2019 20:31:30 +0200},
  biburl    = {https://dblp.org/rec/conf/dagstuhl/BulatovKL08.bib},
  bibsource = {dblp computer science bibliography, https://dblp.org}
}

@article{HomogeneousGraphs,
  author    = {Manuel Bodirsky and
               Barnaby Martin and
               Michael Pinsker and
               Andr{\'{a}}s Pongr{\'{a}}cz},
  title     = {Constraint Satisfaction Problems for Reducts of Homogeneous Graphs},
  journal   = {{SIAM} J. Comput.},
  volume    = {48},
  number    = {4},
  pages     = {1224--1264},
  year      = {2019},
  url       = {https://doi.org/10.1137/16M1082974},
  doi       = {10.1137/16M1082974},
  timestamp = {Mon, 26 Oct 2020 08:56:27 +0100},
  biburl    = {https://dblp.org/rec/journals/siamcomp/BodirskyMPP19.bib},
  bibsource = {dblp computer science bibliography, https://dblp.org},
  Note = {A conference version appeared in the Proceedings of the 43rd International Colloquium on Automata, Languages, and Programming, {ICALP} 2016, pages 119:1-119:14}
}

@article{BodPro25,
author = {Bodirsky, Manuel and Guzm\'{a}n-Pro, Santiago},
title = {Forbidden Tournaments and the Orientation Completion Problem},
journal = {SIAM Journal on Discrete Mathematics},
volume = {39},
number = {1},
pages = {170-205},
year = {2025},
doi = {10.1137/23M1604849}
}

@article{BodirskyBodor20,
  author    = {Manuel Bodirsky and Bertalan Bodor},
  title     = {Canonical Polymorphisms of Ramsey Structures and the Unique Interpolation Property},
  journal   = {CoRR},
  volume    = {abs/2008.10261},
  year      = {2020},
  url       = {https://arxiv.org/abs/2008.10261},
  archivePrefix = {arXiv},
  eprint    = {2008.10261},
  doi={10.48550/arXiv.2008.10261}
}

@misc{BulatovBoundedWidth,
title={Bounded relational width},
author = {Andrei A. Bulatov},
year={2009},
url={https://www2.cs.sfu.ca/~abulatov/papers/relwidth.pdf}
}

@article{Kolaitis:1995,
  author    = {Phokion G. Kolaitis and
               Moshe Y. Vardi},
  title     = {On the Expressive Power of Datalog: Tools and a Case Study},
  journal   = {J. Comput. Syst. Sci.},
  volume    = {51},
  number    = {1},
  pages     = {110--134},
  year      = {1995},
  url       = {https://doi.org/10.1006/jcss.1995.1055},
  doi       = {10.1006/jcss.1995.1055},
  timestamp = {Sat, 20 May 2017 00:25:54 +0200},
  biburl    = {https://dblp.org/rec/journals/jcss/KolaitisV95.bib},
  bibsource = {dblp computer science bibliography, https://dblp.org}
}

@article{Kolaitis:2000,
  author    = {Phokion G. Kolaitis and
               Moshe Y. Vardi},
  title     = {Conjunctive-Query Containment and Constraint Satisfaction},
  journal   = {J. Comput. Syst. Sci.},
  volume    = {61},
  number    = {2},
  pages     = {302--332},
  year      = {2000},
  url       = {https://doi.org/10.1006/jcss.2000.1713},
  doi       = {10.1006/jcss.2000.1713},
  timestamp = {Wed, 14 Nov 2018 10:33:57 +0100},
  biburl    = {https://dblp.org/rec/journals/jcss/KolaitisV00.bib},
  bibsource = {dblp computer science bibliography, https://dblp.org},
  Note = {A conference version appeared in the Proceedings of Symposium on Principles of Database Systems (PODS) 1998, pages 205-213}
}

@inproceedings{Atserias:2007,
  author    = {Albert Atserias and
               Andrei A. Bulatov and
               V{\'{\i}}ctor Dalmau},
  editor    = {Lars Arge and
               Christian Cachin and
               Tomasz Jurdzinski and
               Andrzej Tarlecki},
  title     = {On the Power of \emph{k} -Consistency},
  booktitle = {Automata, Languages and Programming, 34th International Colloquium,
               {ICALP} 2007, Wroclaw, Poland, July 9-13, 2007, Proceedings},
  series    = {Lecture Notes in Computer Science},
  volume    = {4596},
  pages     = {279--290},
  publisher = {Springer},
  year      = {2007},
  url       = {https://doi.org/10.1007/978-3-540-73420-8\_26},
  doi       = {10.1007/978-3-540-73420-8\_26},
  timestamp = {Tue, 14 May 2019 10:00:44 +0200},
  biburl    = {https://dblp.org/rec/conf/icalp/AtseriasBD07.bib},
  bibsource = {dblp computer science bibliography, https://dblp.org}
}

@misc{MarimonPinskerMinimalOps,
      title={Minimal operations over permutation groups}, 
      author={Paolo Marimon and Michael Pinsker},
      year={2024},
      eprint={2410.22060},
      archivePrefix={arXiv},
      primaryClass={math.RA},
      url={https://arxiv.org/abs/2410.22060}, 
}

@InProceedings{BartoPinskerDichotomy,
author={Libor Barto and Michael Pinsker},
title={The algebraic dichotomy conjecture for infinite domain constraint satisfaction problems},
doi={10.1145/2933575.2934544},
booktitle = {Proceedings of the 31th {A}nnual {IEEE} {S}ymposium on {L}ogic in {C}omputer {S}cience -- {LICS}'16}, 
note={Preprint arXiv:1602.04353},
pages = {615-622}, 
year={2016}
}

@article{BartoKozikCD,
  author    = {Libor Barto and
               Marcin Kozik},
  title     = {Congruence Distributivity Implies Bounded Width},
  journal   = {{SIAM} J. Comput.},
  volume    = {39},
  number    = {4},
  pages     = {1531--1542},
  year      = {2009},
  url       = {https://doi.org/10.1137/080743238},
  doi       = {10.1137/080743238},
  timestamp = {Sat, 16 Sep 2017 12:02:28 +0200},
  biburl    = {https://dblp.org/rec/journals/siamcomp/BartoK09.bib},
  bibsource = {dblp computer science bibliography, https://dblp.org}
}

@article{BartoKozikBoundedWidth,
  author    = {Libor Barto and
               Marcin Kozik},
  title     = {Constraint Satisfaction Problems Solvable by Local Consistency Methods},
  journal   = {J. {ACM}},
  volume    = {61},
  number    = {1},
  pages     = {3:1--3:19},
  year      = {2014},
  url       = {https://doi.org/10.1145/2556646},
  doi       = {10.1145/2556646},
  timestamp = {Tue, 06 Nov 2018 12:51:45 +0100},
  biburl    = {https://dblp.org/rec/journals/jacm/BartoK14.bib},
  bibsource = {dblp computer science bibliography, https://dblp.org}
}

@inproceedings{Rydval:2020,
  author    = {Manuel Bodirsky and
               Wied Pakusa and
               Jakub Rydval},
  editor    = {Holger Hermanns and
               Lijun Zhang and
               Naoki Kobayashi and
               Dale Miller},
  title     = {Temporal Constraint Satisfaction Problems in Fixed-Point Logic},
  booktitle = {{LICS} '20: 35th Annual {ACM/IEEE} Symposium on Logic in Computer
               Science, Saarbr{\"{u}}cken, Germany, July 8-11, 2020},
  pages     = {237--251},
  publisher = {{ACM}},
  year      = {2020},
  url       = {https://doi.org/10.1145/3373718.3394750},
  doi       = {10.1145/3373718.3394750},
  timestamp = {Tue, 02 Jun 2020 17:19:31 +0200},
  biburl    = {https://dblp.org/rec/conf/lics/BodirskyPR20.bib},
  bibsource = {dblp computer science bibliography, https://dblp.org}
}

@inproceedings{TopoRelevant,
  author    = {Manuel Bodirsky and
               Antoine Mottet and
               Miroslav Ol{\v {s}}{\'{a}}k and
               Jakub Opr{\v {s}}al and
               Michael Pinsker and
               Ross Willard},
  title     = {Topology is relevant (in a dichotomy conjecture for infinite-domain
               constraint satisfaction problems)},
  booktitle = {34th Annual {ACM/IEEE} Symposium on Logic in Computer Science, {LICS}
               2019, Vancouver, BC, Canada, June 24-27, 2019},
  pages     = {1--12},
  publisher = {{IEEE}},
  year      = {2019},
  url       = {https://doi.org/10.1109/LICS.2019.8785883},
  doi       = {10.1109/LICS.2019.8785883},
  timestamp = {Mon, 15 Jun 2020 17:00:57 +0200},
  biburl    = {https://dblp.org/rec/conf/lics/BodirskyMOOPW19.bib},
  bibsource = {dblp computer science bibliography, https://dblp.org}
}

@article{TopoRelevant-TAMS,
doi={10.1090/tran/8179},
author = {Manuel Bodirsky and Antoine Mottet and Miroslav Olšák and Jakub Opršal and Michael Pinsker and Ross Willard},
title = {$\omega$-categorical structures avoiding height 1 identities},
journal = {{Transactions of the AMS}},
year={2021},
volume = {374},
issue = {1},
pages={327--350}
}

@article{BartoCollapse,
  author    = {Libor Barto},
  title     = {The collapse of the bounded width hierarchy},
  journal   = {J. Log. Comput.},
  volume    = {26},
  number    = {3},
  pages     = {923--943},
  year      = {2016},
  url       = {https://doi.org/10.1093/logcom/exu070},
  doi       = {10.1093/logcom/exu070},
  timestamp = {Sat, 16 Sep 2017 12:07:02 +0200},
  biburl    = {https://dblp.org/rec/journals/logcom/Barto16.bib},
  bibsource = {dblp computer science bibliography, https://dblp.org}
}

@inproceedings{Bulatov:2017,
  author    = {Andrei A. Bulatov},
  editor    = {Chris Umans},
  title     = {A Dichotomy Theorem for Nonuniform {CSP}s},
  booktitle = {58th {IEEE} Annual Symposium on Foundations of Computer Science, {FOCS}
               2017, Berkeley, CA, USA, October 15-17, 2017},
  pages     = {319--330},
  publisher = {{IEEE} Computer Society},
  address   = {Berkeley},
  year      = {2017},
  url       = {https://doi.org/10.1109/FOCS.2017.37},
  doi       = {10.1109/FOCS.2017.37},
  timestamp = {Wed, 16 Oct 2019 14:14:54 +0200},
  biburl    = {https://dblp.org/rec/conf/focs/Bulatov17.bib},
  bibsource = {dblp computer science bibliography, https://dblp.org}
}

@inproceedings{Zhuk:2017,
  author    = {Dmitriy Zhuk},
  editor    = {Chris Umans},
  title     = {A Proof of {CSP} Dichotomy Conjecture},
  booktitle = {58th {IEEE} Annual Symposium on Foundations of Computer Science, {FOCS}
               2017, Berkeley, CA, USA, October 15-17, 2017},
  address   = {Berkeley},
  pages     = {331--342},
  publisher = {{IEEE} Computer Society},
  year      = {2017},
  url       = {https://doi.org/10.1109/FOCS.2017.38},
  doi       = {10.1109/FOCS.2017.38},
  timestamp = {Wed, 16 Oct 2019 14:14:54 +0200},
  biburl    = {https://dblp.org/rec/conf/focs/Zhuk17.bib},
  bibsource = {dblp computer science bibliography, https://dblp.org}
}

@article{BartoKozikCyclic,
  author    = {Libor Barto and
               Marcin Kozik},
  title     = {Absorbing Subalgebras, Cyclic Terms, and the Constraint Satisfaction Problem},
  journal   = {Log. Methods Comput. Sci.},
  volume    = {8},
  number    = {1},
  year      = {2012},
  url       = {https://doi.org/10.2168/LMCS-8(1:7)2012},
  doi       = {10.2168/LMCS-8(1:7)2012},
  timestamp = {Thu, 25 Jun 2020 21:29:04 +0200},
  biburl    = {https://dblp.org/rec/journals/corr/abs-1201-0557.bib},
  bibsource = {dblp computer science bibliography, https://dblp.org}
}


@article{wonderland,
	Author = {Barto, Libor and Opr{\v s}al, Jakub and Pinsker, Michael},
	Journal = {Israel Journal of Mathematics},
	Number = {1},
	Pages = {363--398},
	Title = {The wonderland of reflections},
	Volume = {223},
	Year = {2018}}


@article{Bienvenu:2014,
  author    = {Meghyn Bienvenu and
               Balder ten Cate and
               Carsten Lutz and
               Frank Wolter},
  title     = {Ontology-Based Data Access: {A} Study through Disjunctive Datalog,
               {CSP}, and {MMSNP}},
  journal   = {{ACM} Trans. Database Syst.},
  volume    = {39},
  number    = {4},
  pages     = {33:1--33:44},
  year      = {2014},
  url       = {https://doi.org/10.1145/2661643},
  doi       = {10.1145/2661643},
  timestamp = {Tue, 06 Nov 2018 12:51:48 +0100},
  biburl    = {https://dblp.org/rec/journals/tods/BienvenuCLW14.bib},
  bibsource = {dblp computer science bibliography, https://dblp.org}
}

@article{FeierKuusistoLutz,
  author    = {Cristina Feier and
               Antti Kuusisto and
               Carsten Lutz},
  title     = {Rewritability in Monadic Disjunctive Datalog, MMSNP, and Expressive Description Logics},
  journal   = {Log. Methods Comput. Sci.},
  volume    = {15},
  number    = {2},
  year      = {2019},
  url       = {https://doi.org/10.23638/LMCS-15(2:15)2019},
  doi       = {10.23638/LMCS-15(2:15)2019},
  timestamp = {Thu, 18 Jun 2020 22:15:48 +0200},
  biburl    = {https://dblp.org/rec/journals/lmcs/FeierKL19.bib},
  bibsource = {dblp computer science bibliography, https://dblp.org},
  note      = {A conference version appeared in the Proceedings of the 20th International Conference on Database Theory (ICDT17) 2017, pages 1:1--1:17}
}

@article{MetaChenLarose,
  author    = {Hubie Chen and
               Beno{\^{\i}}t Larose},
  title     = {Asking the Metaquestions in Constraint Tractability},
  journal   = {{ACM} Trans. Comput. Theory},
  volume    = {9},
  number    = {3},
  pages     = {11:1--11:27},
  year      = {2017},
  url       = {https://doi.org/10.1145/3134757},
  doi       = {10.1145/3134757},
  timestamp = {Mon, 08 Jun 2020 22:18:53 +0200},
  biburl    = {https://dblp.org/rec/journals/toct/ChenL17.bib},
  bibsource = {dblp computer science bibliography, https://dblp.org}
}

@article{Madelaine:2007,
  author    = {Florent R. Madelaine and
               Iain A. Stewart},
  title     = {Constraint Satisfaction, Logic and Forbidden Patterns},
  journal   = {{SIAM} J. Comput.},
  volume    = {37},
  number    = {1},
  pages     = {132--163},
  year      = {2007},
  url       = {https://doi.org/10.1137/050634840},
  doi       = {10.1137/050634840},
  timestamp = {Sat, 19 Oct 2019 19:34:07 +0200},
  biburl    = {https://dblp.org/rec/journals/siamcomp/MadelaineS07.bib},
  bibsource = {dblp computer science bibliography, https://dblp.org}
}

@article{AtseriasBulatovDawar,
  author    = {Albert Atserias and
               Andrei A. Bulatov and
               Anuj Dawar},
  title     = {Affine systems of equations and counting infinitary logic},
  journal   = {Theor. Comput. Sci.},
  volume    = {410},
  number    = {18},
  pages     = {1666--1683},
  year      = {2009},
  url       = {https://doi.org/10.1016/j.tcs.2008.12.049},
  doi       = {10.1016/j.tcs.2008.12.049},
  timestamp = {Wed, 17 Feb 2021 21:59:32 +0100},
  biburl    = {https://dblp.org/rec/journals/tcs/AtseriasBD09.bib},
  bibsource = {dblp computer science bibliography, https://dblp.org}
}

@inproceedings{BourhisLutz,
  author    = {Pierre Bourhis and
               Carsten Lutz},
  editor    = {Chitta Baral and
               James P. Delgrande and
               Frank Wolter},
  title     = {Containment in Monadic Disjunctive Datalog, MMSNP, and Expressive Description Logics},
  booktitle = {Principles of Knowledge Representation and Reasoning: Proceedings
               of the Fifteenth International Conference, {KR} 2016, Cape Town, South
               Africa, April 25-29, 2016},
  pages     = {207--216},
  publisher = {{AAAI} Press},
  year      = {2016},
  url       = {http://www.aaai.org/ocs/index.php/KR/KR16/paper/view/12847},
  timestamp = {Tue, 09 Feb 2021 08:33:50 +0100},
  biburl    = {https://dblp.org/rec/conf/kr/BourhisL16.bib},
  bibsource = {dblp computer science bibliography, https://dblp.org}
}

@article{Schaefer-Graphs,
  author    = {Manuel Bodirsky and
               Michael Pinsker},
  title     = {Schaefer's Theorem for Graphs},
  journal   = {J. {ACM}},
  volume    = {62},
  number    = {3},
  pages     = {19:1--19:52},
  year      = {2015},
  url       = {https://doi.org/10.1145/2764899},
  doi       = {10.1145/2764899},
  timestamp = {Fri, 27 Mar 2020 08:40:51 +0100},
  biburl    = {https://dblp.org/rec/journals/jacm/BodirskyP15.bib},
  bibsource = {dblp computer science bibliography, https://dblp.org},
  note      = {A conference version appeared in the Proceedings of STOC 2011, pages 655-664}
}

@inproceedings{MMSNP,
  author    = {Manuel Bodirsky and
               Florent R. Madelaine and
               Antoine Mottet},
  editor    = {Anuj Dawar and
               Erich Gr{\"{a}}del},
  title     = {A universal-algebraic proof of the complexity dichotomy for Monotone Monadic {SNP}},
  booktitle = {Proceedings of the 33rd Annual {ACM/IEEE} Symposium on Logic in Computer
               Science, {LICS} 2018, Oxford, UK, July 09-12, 2018},
  pages     = {105--114},
  address   = {Oxford},
  publisher = {{ACM}},
  year      = {2018},
  url       = {https://doi.org/10.1145/3209108.3209156},
  doi       = {10.1145/3209108.3209156}
}

@inproceedings{Kozik:2016,
  author    = {Marcin Kozik},
  editor    = {Martin Grohe and
               Eric Koskinen and
               Natarajan Shankar},
  title     = {Weak consistency notions for all the {CSP}s of bounded width},
  booktitle = {Proceedings of the 31st Annual {ACM/IEEE} Symposium on Logic in Computer
               Science, {LICS} '16, New York, NY, USA, July 5-8, 2016},
  pages     = {633--641},
  publisher = {{ACM}},
  year      = {2016},
  url       = {https://doi.org/10.1145/2933575.2934510},
  doi       = {10.1145/2933575.2934510},
  timestamp = {Wed, 16 Oct 2019 14:14:54 +0200},
  biburl    = {https://dblp.org/rec/conf/lics/Kozik16.bib},
  bibsource = {dblp computer science bibliography, https://dblp.org}
}

@inproceedings{BodirskyW12,
  author    = {Manuel Bodirsky and
               Micha\l\ Wrona},
  title     = {Equivalence Constraint Satisfaction Problems},
  booktitle = {Computer Science Logic (CSL'12) - 26th International Workshop/21st
               Annual Conference of the EACSL, {CSL} 2012, September 3-6, 2012, Fontainebleau,
               France},
  pages     = {122--136},
  year      = {2012},
  url       = {https://doi.org/10.4230/LIPIcs.CSL.2012.122},
  doi       = {10.4230/LIPIcs.CSL.2012.122},
  timestamp = {Tue, 11 Feb 2020 15:52:14 +0100},
  biburl    = {https://dblp.org/rec/conf/csl/BodirskyW12.bib},
  bibsource = {dblp computer science bibliography, https://dblp.org}
}

@inproceedings{Wrona:2020b,
  author    = {Micha\l\ Wrona},
  editor    = {Holger Hermanns and
               Lijun Zhang and
               Naoki Kobayashi and
               Dale Miller},
  title     = {On The Relational Width of First-Order Expansions of Finitely Bounded Homogeneous Binary Cores with Bounded Strict Width},
  booktitle = {{LICS} '20: 35th Annual {ACM/IEEE} Symposium on Logic in Computer
               Science, Saarbr{\"{u}}cken, Germany, July 8-11, 2020},
  address   = {Saarbr{\"{u}}cken},
  pages     = {958--971},
  publisher = {{ACM}},
  year      = {2020},
  url       = {https://doi.org/10.1145/3373718.3394781},
  doi       = {10.1145/3373718.3394781},
  timestamp = {Tue, 02 Jun 2020 17:19:31 +0200},
  biburl    = {https://dblp.org/rec/conf/lics/Wrona20.bib},
  bibsource = {dblp computer science bibliography, https://dblp.org}
}

@inproceedings{Wrona:2020a,
  author    = {Micha\l\ Wrona},
  editor    = {Christophe Paul and
               Markus Bl{\"{a}}ser},
  title     = {Relational Width of First-Order Expansions of Homogeneous Graphs with
               Bounded Strict Width},
  booktitle = {37th International Symposium on Theoretical Aspects of Computer Science,
               {STACS} 2020, March 10-13, 2020, Montpellier, France},
  series    = {LIPIcs},
  volume    = {154},
  pages     = {39:1--39:16},
  publisher = {Schloss Dagstuhl - Leibniz-Zentrum f{\"{u}}r Informatik},
  year      = {2020},
  url       = {https://doi.org/10.4230/LIPIcs.STACS.2020.39},
  doi       = {10.4230/LIPIcs.STACS.2020.39},
  timestamp = {Thu, 19 Mar 2020 10:24:28 +0100},
  biburl    = {https://dblp.org/rec/conf/stacs/Wrona20.bib},
  bibsource = {dblp computer science bibliography, https://dblp.org}
}

@article{BodirskyDalmau,
  author    = {Manuel Bodirsky and
               V{\'{\i}}ctor Dalmau},
  title     = {Datalog and constraint satisfaction with infinite templates},
  journal   = {J. Comput. Syst. Sci.},
  volume    = {79},
  number    = {1},
  pages     = {79--100},
  year      = {2013},
  url       = {https://doi.org/10.1016/j.jcss.2012.05.012},
  doi       = {10.1016/j.jcss.2012.05.012},
  timestamp = {Tue, 06 Jun 2017 22:27:37 +0200},
  biburl    = {https://dblp.org/rec/journals/jcss/BodirskyD13.bib},
  bibsource = {dblp computer science bibliography, https://dblp.org},
  note      = {A conference version appeared in the Proceedings of the 34th Symposium on Theoretical Aspects of Computer Science (STACS 2006), pages 646--659}
}


@Article{NebelBueckert,
title = {Reasoning about temporal relations: a maximal tractable subclass of Allen’s interval algebra},
author = {Hans-J{\"u}rgen B{\"u}ckert and Bernhard Nebel},
journal = {J. {ACM}},
volume = {42},
number = {1},
pages = {43-66},
doi={10.1145/200836.200848},
year = {1995}}



@inproceedings{Dawar:2017,
  author    = {Samson Abramsky and
               Anuj Dawar and
               Pengming Wang},
  title     = {The pebbling comonad in Finite Model Theory},
  booktitle = {32nd Annual {ACM/IEEE} Symposium on Logic in Computer Science, {LICS}
               2017, Reykjavik, Iceland, June 20-23, 2017},
  pages     = {1--12},
  publisher = {{IEEE} Computer Society},
  year      = {2017},
  url       = {https://doi.org/10.1109/LICS.2017.8005129},
  doi       = {10.1109/LICS.2017.8005129},
  timestamp = {Wed, 16 Oct 2019 14:14:54 +0200},
  biburl    = {https://dblp.org/rec/conf/lics/AbramskyDW17.bib},
  bibsource = {dblp computer science bibliography, https://dblp.org}
}

@inproceedings{Grohe:2019,
  author    = {Martin Grohe and
               Sandra Kiefer},
  editor    = {Christel Baier and
               Ioannis Chatzigiannakis and
               Paola Flocchini and
               Stefano Leonardi},
  title     = {A Linear Upper Bound on the Weisfeiler-Leman Dimension of Graphs of
               Bounded Genus},
  booktitle = {46th International Colloquium on Automata, Languages, and Programming,
               {ICALP} 2019, July 9-12, 2019, Patras, Greece},
  series    = {LIPIcs},
  volume    = {132},
  pages     = {117:1--117:15},
  publisher = {Schloss Dagstuhl - Leibniz-Zentrum f{\"{u}}r Informatik},
  year      = {2019},
  url       = {https://doi.org/10.4230/LIPIcs.ICALP.2019.117},
  doi       = {10.4230/LIPIcs.ICALP.2019.117},
  timestamp = {Tue, 11 Feb 2020 15:52:14 +0100},
  biburl    = {https://dblp.org/rec/conf/icalp/GroheK19.bib},
  bibsource = {dblp computer science bibliography, https://dblp.org}
}

@inproceedings{Babai:2016,
  author    = {L{\'{a}}szl{\'{o}} Babai},
  editor    = {Daniel Wichs and
               Yishay Mansour},
  title     = {Graph isomorphism in quasipolynomial time [extended abstract]},
  booktitle = {Proceedings of the 48th Annual {ACM} {SIGACT} Symposium on Theory
               of Computing, {STOC} 2016, Cambridge, MA, USA, June 18-21, 2016},
  pages     = {684--697},
  publisher = {{ACM}},
  year      = {2016},
  url       = {https://doi.org/10.1145/2897518.2897542},
  doi       = {10.1145/2897518.2897542},
  timestamp = {Tue, 06 Nov 2018 11:07:06 +0100},
  biburl    = {https://dblp.org/rec/conf/stoc/Babai16.bib},
  bibsource = {dblp computer science bibliography, https://dblp.org}
}

@article{Grohe:2012,
  author    = {Martin Grohe},
  title     = {Fixed-point definability and polynomial time on graphs with excluded minors},
  journal   = {J. {ACM}},
  volume    = {59},
  number    = {5},
  pages     = {27:1--27:64},
  year      = {2012},
  url       = {https://doi.org/10.1145/2371656.2371662},
  doi       = {10.1145/2371656.2371662},
  timestamp = {Tue, 06 Nov 2018 12:51:45 +0100},
  biburl    = {https://dblp.org/rec/journals/jacm/Grohe12.bib},
  bibsource = {dblp computer science bibliography, https://dblp.org}
}

@article{Kiefer:2019,
  author    = {Sandra Kiefer and
               Ilia Ponomarenko and
               Pascal Schweitzer},
  title     = {The Weisfeiler-Leman Dimension of Planar Graphs Is at Most 3},
  journal   = {J. {ACM}},
  volume    = {66},
  number    = {6},
  pages     = {44:1--44:31},
  year      = {2019},
  url       = {https://doi.org/10.1145/3333003},
  doi       = {10.1145/3333003},
  timestamp = {Fri, 27 Mar 2020 08:40:51 +0100},
  biburl    = {https://dblp.org/rec/journals/jacm/KieferPS19.bib},
  bibsource = {dblp computer science bibliography, https://dblp.org},
  note      = {A conference version appeared in the Proceedings of the 32nd Annual ACM/IEEE Symposium on Logic in Computer Science ({LICS}) 2017, pages {1--12}}
}

@article{Mottet:2018,
  author    = {Manuel Bodirsky and
               Barnaby Martin and
               Antoine Mottet},
  title     = {Discrete Temporal Constraint Satisfaction Problems},
  journal   = {J. {ACM}},
  volume    = {65},
  number    = {2},
  pages     = {9:1--9:41},
  year      = {2018},
  url       = {https://doi.org/10.1145/3154832},
  doi       = {10.1145/3154832},
  timestamp = {Mon, 26 Oct 2020 08:48:59 +0100},
  biburl    = {https://dblp.org/rec/journals/jacm/BodirskyMM18.bib},
  bibsource = {dblp computer science bibliography, https://dblp.org}
}

@inproceedings{BodirskyGrohe,
  author    = {Manuel Bodirsky and
               Martin Grohe},
  editor    = {Luca Aceto and
               Ivan Damg{\aa}rd and
               Leslie Ann Goldberg and
               Magn{\'{u}}s M. Halld{\'{o}}rsson and
               Anna Ing{\'{o}}lfsd{\'{o}}ttir and
               Igor Walukiewicz},
  title     = {Non-dichotomies in Constraint Satisfaction Complexity},
  booktitle = {Automata, Languages and Programming, 35th International Colloquium,
               {ICALP} 2008, Reykjavik, Iceland, July 7-11, 2008, Proceedings, Part
               {II} - Track {B:} Logic, Semantics, and Theory of Programming {\&}
               Track {C:} Security and Cryptography Foundations},
  series    = {Lecture Notes in Computer Science},
  volume    = {5126},
  pages     = {184--196},
  publisher = {Springer},
  year      = {2008},
  url       = {https://doi.org/10.1007/978-3-540-70583-3\_16},
  doi       = {10.1007/978-3-540-70583-3\_16},
  timestamp = {Fri, 27 Mar 2020 09:02:59 +0100},
  biburl    = {https://dblp.org/rec/conf/icalp/BodirskyG08.bib},
  bibsource = {dblp computer science bibliography, https://dblp.org}
}

@Article{Topo-Dynamics,
author = {Alexander Kechris and Vladimir Pestov and Stevo Todor\v{c}evi\'c},
title = {Fra\"{i}ss\'e Limits, {R}amsey Theory, and topological dynamics of automorphism groups},
journal = {Geometric and Functional Analysis},
volume = {15},
number = {1},
pages = {106-189},
doi={10.1007/s00039-005-0503-1},
year = {2005}}

@article{LaroseZadori,
title = {Bounded width problems and algebras}, 
author = {Benoit Larose and L{\'a}szl{\'o} Z\'adori}, 
journal = {Algebra Universalis},
volume = {56},
number = {3-4},
year = {2007},
doi={10.1007/s00012-007-2012-6},
pages = {439-466}}

@article{Pseudo-loop,
title = {Pseudo-loop conditions},
author = {Michael Pinsker and Pierre Gillibert 
and Julius Jonu\v{s}as},
journal = {Bulletin of the London Mathematical Society},
volume = {51},
doi={10.1112/blms.12286},
number = {5}, 
pages = {917-936}, 
year = {2019}}


@article{Valeriote, title={A Subalgebra Intersection Property for Congruence Distributive Varieties}, volume={61}, DOI={10.4153/CJM-2009-023-2}, number={2}, journal={Canadian Journal of Mathematics}, publisher={Cambridge University Press}, author={Valeriote, Matthew A.}, year={2009}, pages={451–464}}

@InProceedings{DalmauPearson,
author = {V\'ictor Dalmau and Justin Pearson},
  title = 	 {Closure Functions and Width 1 Problems},
  booktitle = 	 {Proceedings of the International Conference on Principles and Practice of Constraint Programming (CP)},
  year = 	 1999,
  doi={10.1007/978-3-540-48085-3_12},
  pages = {159-173}
}

@article{HubickaNesetril,
title = {All those Ramsey classes (Ramsey classes with closures and forbidden homomorphisms)},
journal = {Advances in Mathematics},
volume = {356},
pages = {106791},
year = {2019},
issn = {0001-8708},
doi = {https://doi.org/10.1016/j.aim.2019.106791},
author = {Jan Hubi\v cka and Jaroslav Ne\v set\v ril}
}


@book{BodirskyBook,
  address         = {Cambridge},
  series        = {Lecture Notes in Logic},
  title         = {Complexity of Infinite-Domain Constraint Satisfaction},
  DOI           = {10.1017/9781107337534},
  publisher     = {Cambridge University Press},
  author        = {Bodirsky, Manuel},
  year          = {2021},
  collection    = {Lecture Notes in Logic}
}

@book{dechter,
author = {Rina Dechter},
title = {Constraint Processing},
publisher = {Morgan Kaufmann},
address = {San Francisco},
year = {2003},
series = {The Morgan Kaufmann Series in Artificial Intelligence},
isbn = {978-1-55860-890-0},
doi = {https://doi.org/10.1016/B978-1-55860-890-0.50019-0},
url = {https://www.sciencedirect.com/science/article/pii/B9781558608900500190}
}

@article{BJK05,
author = {Bulatov, Andrei and Jeavons, Peter and Krokhin, Andrei},
title = {Classifying the Complexity of Constraints Using Finite Algebras},
journal = {SIAM Journal on Computing},
volume = {34},
number = {3},
pages = {720-742},
year = {2005},
doi = {10.1137/S0097539700376676},
URL = {https://doi.org/10.1137/S0097539700376676}
}

@article{Jeavsons98,
title = {On the algebraic structure of combinatorial problems},
journal = {Theoretical Computer Science},
volume = {200},
number = {1},
pages = {185-204},
year = {1998},
issn = {0304-3975},
doi = {https://doi.org/10.1016/S0304-3975(97)00230-2},
url = {https://www.sciencedirect.com/science/article/pii/S0304397597002302},
author = {Peter Jeavons},
keywords = {Complexity, Satisfiability, Relational structure, Closure, Homomorphism},
}

@inproceedings{SmoothApproximations,
author = {Mottet, Antoine and Pinsker, Michael},
title = {Smooth approximations and CSPs over finitely bounded homogeneous structures},
year = {2022},
isbn = {9781450393515},
publisher = {Association for Computing Machinery},
address = {New York, NY, USA},
url = {https://doi.org/10.1145/3531130.3533353},
doi = {10.1145/3531130.3533353},
booktitle = {Proceedings of the 37th Annual ACM/IEEE Symposium on Logic in Computer Science},
articleno = {36},
numpages = {13},
location = {Haifa, Israel},
series = {LICS '22}
}

@article{Topo,
  author        = {Libor Barto and
                   Michael Pinsker},
  title         = {Topology is irrelevant},
  journal       = {SIAM Journal on Computing},
  volume        = {49},
  number        = {2},
  pages         = {365--393},
  doi={10.1137/18M1216213},
  year          = {2020}
}

@inproceedings{ReductionFinite,
  author        = {Manuel Bodirsky and
                   Antoine Mottet},
  title         = {Reducts of finitely bounded homogeneous structures, and lifting tractability
                   from finite-domain constraint satisfaction},
  doi={10.1145/2933575.2934515},
  booktitle     = {Proceedings of the 31th {A}nnual {ACM/IEEE} {S}ymposium on {L}ogic in {C}omputer {S}cience --
                  {LICS}'16},
  year          = {2016}
}

@inproceedings{SmoothApproxCollapses,
  author        = {Antoine Mottet and
                   Tom{\'{a}}\v s Nagy and
                   Michael Pinsker and
                   Micha{\l} Wrona},
  editor        = {Nikhil Bansal and
                   Emanuela Merelli and
                   James Worrell},
  title         = {Smooth Approximations and Relational Width Collapses},
  booktitle     = {48th International Colloquium on Automata, Languages, and Programming,
                   {ICALP} 2021, July 12-16, 2021, Glasgow, Scotland (Virtual Conference)},
  series        = {LIPIcs},
  volume        = {198},
  pages         = {138:1--138:20},
  publisher     = {Schloss Dagstuhl - Leibniz-Zentrum f{\"{u}}r Informatik},
  doi={10.4230/LIPIcs.ICALP.2021.138},
  year          = {2021}
}

@article{Post,
  author        = {Emil L. Post},
  title         = {The two-valued iterative systems of mathematical logic},
  journal       = {Annals of Mathematics Studies},
  volume        = 5,
  year          = 1941
}

@article{GP18,
  author        = {Mai Gehrke and
                   Michael Pinsker},
  title         = {Uniform {B}irkhoff},
  journal       = {Journal of Pure and Applied Algebra},
  volume        = {222},
  number        = {5},
  pages         = {1242--1250},
  year          = {2018}
}

@article{Topo-Birk,
  author        = {Manuel Bodirsky and Michael Pinsker},
  title         = {Topological {B}irkhoff},
  journal       = {Transactions of the American Mathematical Society},
  year          = {2015}, 
  volume        = {367},
  doi={10.1016/j.jpaa.2017.06.016},
  pages         = {2527--2549}
}

@article{NesetrilRoedl,
  author        = {Jaroslav Ne\v set\v ril and
                   Vojt\v ech R\"odl},
  title         = {{R}amsey classes of set systems},
  journal       = {Journal of Combinatorial Theory, Series A},
  volume        = {34},
  number        = {2},
  pages         = {183--201},
  year          = {1983}
}

@incollection{BodirskyRamsey,
  author        = {Manuel Bodirsky},
  title         = {{R}amsey Classes: Examples and Constructions},
  note          = {Invited survey article for the British Combinatorial Conference; preprint arXiv:1502.05146}, 
  year          = {2015},
  doi={10.1017/CBO9781316106853.002},
  booktitle     = {Surveys in Combinatorics. London Mathematical Society Lecture Note Series 424}, 
  publisher     = {Cambridge University Press}
}

@article{BPT-decidability-of-definability,
  author        = {Manuel Bodirsky and
                   Michael Pinsker and
                   Todor Tsankov},
  title         = {Decidability of definability},
  journal       = {Journal of Symbolic Logic},
  volume        = {78},
  number        = {4},
  pages         = {1036--1054},
  year          = {2013},
  note          = {A conference version appeared in the Proceedings of the 26th {A}nnual {ACM/IEEE} {S}ymposium on {L}ogic in {C}omputer {S}cience -- {LICS}'11}
}

@article{BodPin-CanonicalFunctions,
author={Manuel Bodirsky and Michael Pinsker},
title={Canonical functions: a proof via topological dynamics},
journal={Homogeneous Structures, A Workshop in Honour of Norbert Sauer's 70th Birthday, Contributions to Discrete Mathematics},
volume=16,
number=2,
pages={36--45},
year = {2021}
}

@article{MarotiMcKenzie,
  author        = {Mikl\'os Mar\'oti and
                   Ralph McKenzie}, 
  title         = {Existence theorems for weakly symmetric operations},
  doi={10.1007/s00012-008-2122-9},
  journal       = {Algebra Universalis},
  volume        = {59},
  pages         = {463--489},
  year          = {2008},
  number        = {3}
}

@article{Zhuk:2020,
  author        = {Dmitriy Zhuk},
  title         = {A Proof of the {CSP} Dichotomy Conjecture},
  journal       = {Journal of the ACM},
  volume        = {67},
  number        = {5},
  doi={10.1145/3402029},
  pages         = {30:1--30:78},
  year          = {2020}
}

@inproceedings{PCSP,
  author        = {Libor Barto},
  title         = {Promises Make Finite (Constraint Satisfaction) Problems Infinitary},
  booktitle     = {Proceedings of the 34th {A}nnual {ACM/IEEE} {S}ymposium on {L}ogic in {C}omputer {S}cience --
                  {LICS}'19},
  year          = {2019},
  doi={10.1109/LICS.2019.8785671},
}


@article{BJ17,
  author        = {Manuel Bodirsky and
                   Peter Jonsson},
  title         = {A Model-Theoretic View on Qualitative Constraint Reasoning},
  year          = {2017},
  issue_date    = {January 2017},
  publisher     = {AI Access Foundation},
  address       = {El Segundo, CA, USA},
  volume        = {58},
  number        = {1},
  doi={10.1613/jair.5260},
  journal       = {Journal of Artificial Intelligence Research},
  pages         = {339--385},
  numpages      = {47}
}

@inproceedings{BJMM18,
  author        = {Manuel Bodirsky and
                   Peter Jonsson and
                   Barnaby Martin and
                   Antoine Mottet},
  title         = {Classification Transfer for Qualitative Reasoning Problems},
  doi={10.24963/ijcai.2018/175},
  booktitle     = {Proceedings of the Twenty-Seventh International Joint Conference on
                   Artificial Intelligence, {IJCAI-18}},
  publisher     = {International Joint Conferences on Artificial Intelligence Organization},             
  pages         = {1256--1262},
  year          = {2018}
}

@inproceedings{BB21,
  author        = {Manuel Bodirsky and
                   Bertalan Bodor},
  booktitle     = {Proceedings of the 36th {A}nnual {ACM/IEEE} {S}ymposium on {L}ogic in {C}omputer {S}cience --
                  {LICS}'21}, 
  title         = {Canonical Polymorphisms of {R}amsey Structures and the Unique Interpolation Property},
  doi={10.1109/LICS52264.2021.9470683},
  year          = {2021}
}

@article{MMSNP-journal,
  author        = {Manuel Bodirsky and
                   Florent Madelaine and
                   Antoine Mottet},
  title         = {A Proof of the Algebraic Tractability Conjecture for Monotone Monadic {SNP}},
  journal       = {SIAM Journal on Computing},
  volume        = {50},
  number        = {4},
  pages         = {1359--1409},
  year          = {2021},
  doi           = {10.1137/19M128466X},
  url           = {https://doi.org/10.1137/19M128466X},
  eprint        = {https://doi.org/10.1137/19M128466X},
}

@InProceedings{BG08,
  author        = {Manuel Bodirsky and
                   Martin Grohe},
  editor        = {Luca Aceto and
                   Ivan Damg{\aa}rd and
                   Leslie Ann Goldberg and
                   Magn{\'u}s M. Halld{\'o}rsson and
                   Anna Ing{\'o}lfsd{\'o}ttir and
                   Igor Walukiewicz},
  title         = {Non-dichotomies in Constraint Satisfaction Complexity},
  doi={10.1007/978-3-540-70583-3_16},
  booktitle     = {Proceedings of the 35th International Colloquium on Automata, Languages and Programming, {ICALP} 2008},
  year          = {2008},
  publisher     = {Springer-Verlag},
  address       = {Berlin, Heidelberg},
  pages         = {184--196}
}

@article{BPP-projective-homomorphisms,
  author        = {Manuel Bodirsky and
                   Michael Pinsker and
                   Andr\'{a}s Pongr\'acz},
  title         = {Projective clone homomorphisms},
  journal       = {Journal of Symbolic Logic},
  volume        = {86},
  number        = {1},
  publisher     = {Cambridge University Press}, 
  year          = {2021},
  pages         = {148--161},
  doi           = {10.1017/jsl.2019.23}
}

@inproceedings{BKO+17,
  author        = {Libor Barto and
                   Michael Kompatscher and
                   Miroslav Olšák and
                   Trung Van Pham and
                   Michael Pinsker},
  title         = {The equivalence of two dichotomy conjectures for infinite domain constraint satisfaction problems}, 
  doi={10.1109/lics.2017.8005128},
  booktitle     = {Proceedings of the 32nd {A}nnual {ACM/IEEE} {S}ymposium on {L}ogic in {C}omputer {S}cience --
                  {LICS}'17}, 
  year          = {2017}
}

@article{BKO+19,
  author        = {Libor Barto and
                   Michael Kompatscher and
                   Miroslav Ol\v{s}\'{a}k and
                   Trung Van Pham and
                   Michael Pinsker},
  title         = {Equations in oligomorphic clones and the constraint satisfaction problem for $\omega$-categorical structures},
  journal       = {Journal of Mathematical Logic},
  volume        = {19},
  number        = {02},
  pages         = {1950010},
  year          = {2019},
  doi           = {10.1142/S0219061319500107},
}

@article{temporalCSP,
  author        = {Manuel Bodirsky and
                   Jan K\'ara},
  title         = {The Complexity of Temporal Constraint Satisfaction Problems},
  doi={10.1145/1667053.1667058},
  year          = {2010},
  issue_date    = {January 2010},
  publisher     = {Association for Computing Machinery},
  address       = {New York, NY, USA},
  volume        = {57},
  number        = {2},
  journal       = {Journal of the ACM},
  articleno     = {9},
  numpages      = {41},
  note          = {An extended abstract appeared in the Proceedings of the Symposium on Theory of Computing (STOC)}
}

@article{ReductsUnary,
  author        = {Manuel Bodirsky and
                   Antoine Mottet},
  title         = {A Dichotomy for First-Order Reducts of Unary Structures},
  journal       = {Logical Methods in Computer Science},
  volume        = {14},
  number        = {2},
  year          = {2018}
}

@article{PosetCSP,
  author        = {Michael Kompatscher and
                   Trung Van Pham},
  title         = {A Complexity Dichotomy for Poset Constraint Satisfaction},
  journal       = {IfCoLog Journal of Logics and their Applications ({FLAP})},
  doi =		{10.4230/LIPIcs.STACS.2017.47},
  volume        = {5},
  number        = {8},
  pages         = {1663--1696},
  year          = {2018},
  url           = {https://www.collegepublications.co.uk/downloads/ifcolog00028.pdf},
  biburl        = {https://dblp.org/rec/journals/flap/KompatscherP18.bib},
  bibsource     = {dblp computer science bibliography, https://dblp.org},
  note      = {A conference version appeared in the Proceedings of the 34th Symposium on Theoretical Aspects of Computer Science (STACS 2017), pages 47:1--47:12}
}

@article{PhylogenyCSP,
  author        = {Manuel Bodirsky and
                   Peter Jonsson and
                   Trung Van Pham},
  title         = {The Complexity of Phylogeny Constraint Satisfaction Problems},
  doi={https://doi.org/10.1145/3105907},
  year          = {2017},
  issue_date    = {July 2017},
  publisher     = {Association for Computing Machinery},
  address       = {New York, NY, USA},
  volume        = {18},
  number        = {3},
  journal       = {ACM Transactions on Computational Logic},
  articleno     = {23},
  numpages      = {42},
  note          = {An extended abstract appeared in the conference STACS 2016}
}

@article{NetworkCSP,
  author        = {Manuel Bodirsky and
                   Simon Knäuer},
  title         = {Network Satisfaction for Symmetric Relation Algebras with a Flexible Atom},
  doi={10.1609/aaai.v35i7.16773 },
  volume        = {35},
  number        = {7},
  journal       = {Proceedings of the 35th AAAI Conference on Artificial Intelligence},
  year          = {2021},
  pages         = {6218--6226}
}

@article{FederVardi,
  author        = {Tom{\'{a}}s Feder and
                   Moshe Y. Vardi},
  title         = {The computational structure of monotone monadic {SNP} and constraint satisfaction: {A} study through {D}atalog and group theory},
  doi={10.1137/S0097539794266766},
  journal       = {SIAM Journal on Computing},
  volume        = {28},
  number        = {1},
  pages         = {57--104},
  year          = {1998}
}

@INPROCEEDINGS {infinitesheep,
author = {Michael Pinsker},
booktitle = {2022 IEEE 52nd International Symposium on Multiple-Valued Logic (ISMVL)},
title = {Current Challenges in Infinite-Domain Constraint Satisfaction: Dilemmas of the Infinite Sheep},
year = {2022},
volume = {},
issn = {},
pages = {80--87},
doi = {10.1109/ISMVL52857.2022.00019},
url = {https://doi.ieeecomputersociety.org/10.1109/ISMVL52857.2022.00019},
publisher = {IEEE Computer Society},
address = {Los Alamitos, CA, USA}
}

@article{cores,
    TITLE = {Cores of Countably Categorical Structures},
    AUTHOR = {Manuel Bodirsky},
    journal = {Logical Methods in Computer Science},
    volume    = {3},
    doi={10.2168/LMCS-3(1:2)2007},
    pages = {1--16},
    number    = {1},
    year = {2007}
}

@article{StrongSubalgebras,
  author        = {Dmitriy Zhuk},
  title         = {Strong Subalgebras and the Constraint Satisfaction Problem},
  journal       = {Journal of Multiple-Valued Logic and Soft Computing},
  volume        = {36},
  number        = {4-5},
  pages         = {455--504},
  year          = {2021},
  biburl        = {https://dblp.org/rec/journals/mvl/Zhuk21.bib},
}

@article{ThomasClassification,
title = {Reducts of random hypergraphs},
doi={10.1016/0168-0072(95)00061-5},
journal = {Annals of Pure and Applied Logic},
volume = {80},
number = {2},
pages = {165--193},
year = {1996},
author = {Simon Thomas}
}

@article{Cores_Ramsey,
  title =      {Cores over {R}amsey structures}, volume =     {86},
  DOI =        {10.1017/jsl.2021.6},
  number =     {1},
  journal =    {The Journal of Symbolic Logic}, publisher =  {Cambridge University Press},
  author =     {Mottet, Antoine and Pinsker, Michael},
  year =       {2021},
  pages =      {352--361}
}

@misc{RamseyIndependent,
  doi = {10.48550/ARXIV.2008.10261},
  url = {https://arxiv.org/abs/2008.10261},
  author = {Bodirsky, Manuel and Bodor, Bertalan},
  title = {A Complexity Dichotomy in Spatial Reasoning via {R}amsey Theory},
  publisher = {arXiv},
  note = {Preprint arXiv:2008.10261},
  year = {2020}
}

@Article{ecsps,
  author = 	 {Manuel Bodirsky and Jan K\'ara},
  title = 	 {The Complexity of Equality Constraint Languages},
  journal = {Theory of Computing Systems},
  doi={10.1007/s00224-007-9083-9},
  volume = {3},
  number = {2}, 
  pages = {136--158},
  note = {A conference version appeared in the proceedings of Computer Science Russia {(CSR'06)}},
  year = 	 {2008},
}

@article{Maltsev-Cond,
  year = {2015},
  publisher = {Springer Science and Business Media {LLC}},
  volume = {73},
  number = {3-4},
  pages = {205--224},
  author = {Marcin Kozik and Andrei Krokhin and Matt Valeriote and Ross Willard},
  title = {Characterizations of several {Maltsev} conditions},
  journal = {Algebra universalis}
}

@article{3uniformhypergraphs,
  title={On countable homogeneous 3-hypergraphs},
  author={Reza Akhtar and Alistair H. Lachlan},
  journal={Archive for Mathematical Logic},
  year={1995},
  doi={10.1007/BF01387512},
  volume={34},
  pages={331--344}
}

@article{BN,
author = {Manuel Bodirsky and Jaroslav Ne\v{s}et\v{r}il},
title  = {Constraint Satisfaction with Countable Homogeneous Templates},
journal = {Journal of Logic and Computation},
volume = {16},
number = {3},
doi       = {10.1093/logcom/exi083},
pages = {359--373},
year   = {2006},
note =  {A conference version appeared in the proceedings of Computer Science Logic {(CSL 2003)}}
}

@article{SOP,
author = {Khanaki, Karim},
title = {Dividing Lines in Unstable Theories and Subclasses of Baire 1 Functions},
year = {2022},
issue_date = {Nov 2022},
publisher = {Springer-Verlag},
address = {Berlin, Heidelberg},
volume = {61},
number = {7-8},
journal = {Archive for Mathematical Logic},
pages = {977--993},
numpages = {17},
doi={10.1007/s00153-022-00816-8},
}

@inproceedings{Hrushovski-monsters,
  author    = {Pierre Gillibert and
               Julius Jonu{\v {s}}as and
               Michael Kompatscher and
               Antoine Mottet and
               Michael Pinsker},
  editor    = {Artur Czumaj and
               Anuj Dawar and
               Emanuela Merelli},
  title     = {Hrushovski's encoding and $\omega$-categorical {CSP} monsters},
  booktitle = {47th International Colloquium on Automata, Languages, and Programming,
               {ICALP} 2020, July 8-11, 2020, Saarbr{\"{u}}cken, Germany (Virtual
               Conference)},
  series    = {LIPIcs},
  volume    = {168},
  doi={10.4230/LIPIcs.ICALP.2020.131},
  pages     = {131:1--131:17},
  publisher = {Schloss Dagstuhl - Leibniz-Zentrum f{\"{u}}r Informatik},
  year      = {2020}
}

@article{SymmetriesNotEnough,
author = {Gillibert, Pierre and Jonu\v{s}as, Julius and Kompatscher, Michael and Mottet, Antoine and Pinsker, Michael},
title = {When Symmetries Are Not Enough: a Hierarchy of Hard Constraint Satisfaction Problems},
journal = {SIAM Journal on Computing},
volume = {51},
number = {2},
pages = {175--213},
year = {2022}
}

@Misc{BodorDiss,
	author = {Bertalan Bodor},
	year = 2021,
	title = {{CSP} dichotomy for $\omega$-categorical monadically stable structures},
	howpublished = {PhD dissertation, Institute of Algebra, Technische Universit\"{a}t Dresden}
}

@unpublished{SymmetriesEnough,
  doi = {10.48550/ARXIV.2102.07531},
  author = {Antoine Mottet and
                   Tom{\'{a}}\v s Nagy and
                   Michael Pinsker and
                   Micha{\l} Wrona},
  title = {When symmetries are enough: collapsing the bounded width hierarchy for infinite-domain {CSP}s},
  note = {arxiv:2102.07531},
  publisher = {arXiv},
  url={https://doi.org/10.48550/arXiv.2102.07531},
  year = {2022}
}


@unpublished{hypergraphs,
      doi = {10.48550/arXiv.2301.12977},
      title={An order out of nowhere: a new algorithm for infinite-domain {CSP}s}, 
      author={Antoine Mottet and Michael Pinsker and Tom\'a\v{s} Nagy},
      url={https://doi.org/10.48550/arXiv.2301.12977},
      year={2023},
      eprint={2301.12977},
      archivePrefix={arXiv},
      primaryClass={cs.LO},
      note = {arXiv.2301.12977},
}

@article{Fagin,
  added-at = {2014-11-04T10:38:45.000+0100},
  author = {Fagin, Ron},
  journal = {SIAM-AMS Proceedings},
  keywords = {NP complexity descriptive fagin spectra},
  pages = {43-73},
  title = {Generalized first-order spectra, and polynomial. time recognizable sets},
  volume = 7,
  year = 1974
}

@article{Siggers,
  title={A strong Mal’cev condition for locally finite varieties omitting the unary type},
  author={Mark H. Siggers},
  journal={Algebra universalis},
  year={2010},
  volume={64},
  pages={15-20},
  doi={10.1007/s00012-010-0082-3}
}

@article{Fraisse,
 ISSN = {00397857, 15730964},
 URL = {http://www.jstor.org/stable/20114493},
 author = {Roland Fra\"iss\' e},
 journal = {Synthese},
 number = {1},
 pages = {34--46},
 publisher = {Springer},
 title = {Une hypothèse sur l'extension des relations finies et sa vérification dans certaines classes particulières (Deuxième Partie)},
 urldate = {2023-04-17},
 volume = {16},
 year = {1966}
}

@article{width2,
title = {There are no pure relational width 2 constraint satisfaction problems},
journal = {Information Processing Letters},
volume = {109},
number = {4},
pages = {213-218},
year = {2009},
issn = {0020-0190},
doi = {https://doi.org/10.1016/j.ipl.2008.10.005},
url = {https://www.sciencedirect.com/science/article/pii/S0020019008003074},
author = {V\'ictor Dalmau}
}

@article{JCC,
title = {Constraints, consistency and closure},
journal = {Artificial Intelligence},
volume = {101},
number = {1},
pages = {251-265},
year = {1998},
issn = {0004-3702},
doi = {https://doi.org/10.1016/S0004-3702(98)00022-8},
url = {https://www.sciencedirect.com/science/article/pii/S0004370298000228},
author = {Peter Jeavons and David Cohen and Martin C. Cooper}
}

@inproceedings{SzendreiClones,
  title={Clones in universal algebra},
  author={{\'A}gnes Szendrei},
  booktitle = {S\'eminaire de Math\'ematiques Sup\'erieures},
  publisher = {Les Presses de l’Universit\'e de Montr\'eal},
  year={1986}
}

@book{Hodges,
  place={Cambridge},
  series={Encyclopedia of Mathematics and its Applications},
  title={Model Theory},
  DOI={10.1017/CBO9780511551574},
  publisher={Cambridge University Press}, author={Hodges, Wilfrid},
  year={1993},
  collection={Encyclopedia of Mathematics and its Applications}
}

@article{Ladner,
author = {Ladner, Richard Emil},
title = {On the Structure of Polynomial Time Reducibility},
year = {1975},
issue_date = {Jan. 1975},
publisher = {Association for Computing Machinery},
address = {New York, NY, USA},
volume = {22},
number = {1},
issn = {0004-5411},
url = {https://doi.org/10.1145/321864.321877},
doi = {10.1145/321864.321877},
journal = {J. ACM},
month = {jan},
pages = {155–171},
numpages = {17}
}

@article{Jonssonterms,
author = {Barto, Libor and Kozik, Marcin},
title = {Congruence Distributivity Implies Bounded Width},
journal = {SIAM Journal on Computing},
volume = {39},
number = {4},
pages = {1531-1542},
year = {2010},
doi = {10.1137/080743238}
}

@article{CCC,
title = {Constraints, consistency and closure},
journal = {Artificial Intelligence},
volume = {101},
number = {1},
pages = {251-265},
year = {1998},
issn = {0004-3702},
doi = {https://doi.org/10.1016/S0004-3702(98)00022-8},
url = {https://www.sciencedirect.com/science/article/pii/S0004370298000228},
author = {Peter Jeavons and David Cohen and Martin C. Cooper}
}

@InProceedings{GMSNP,
author={Madelaine, Florent},
editor="{\'E}sik, Zolt{\'a}n",
title="Universal Structures and the Logic of Forbidden Patterns",
booktitle="Computer Science Logic",
year="2006",
publisher="Springer Berlin Heidelberg",
address="Berlin, Heidelberg",
pages="471--485",
isbn="978-3-540-45459-5"
}


@article{FO1,
title = {On digraph coloring problems and treewidth duality},
journal = {European Journal of Combinatorics},
volume = {29},
number = {4},
pages = {796-820},
year = {2008},
note = {Homomorphisms: Structure and Highlights},
issn = {0195-6698},
doi = {https://doi.org/10.1016/j.ejc.2007.11.004},
url = {https://www.sciencedirect.com/science/article/pii/S0195669807002004},
author = {Albert Atserias}
}

@article{FO2,
author = {Rossman, Benjamin},
title = {Homomorphism preservation theorems},
year = {2008},
issue_date = {July 2008},
publisher = {Association for Computing Machinery},
address = {New York, NY, USA},
volume = {55},
number = {3},
issn = {0004-5411},
url = {https://doi.org/10.1145/1379759.1379763},
doi = {10.1145/1379759.1379763},
journal = {J. ACM},
month = {aug},
articleno = {15},
numpages = {53}
}

@article{FO_char1,
  TITLE = {{A Characterisation of First-Order Constraint Satisfaction Problems}},
  AUTHOR = {Benoit Larose and Cynthia Loten and Claude Tardif},
  URL = {https://lmcs.episciences.org/1097},
  DOI = {10.2168/LMCS-3(4:6)2007},
  JOURNAL = {{Logical Methods in Computer Science}},
  VOLUME = {{Volume 3, Issue 4}},
  YEAR = {2007},
  MONTH = Nov
}

@INPROCEEDINGS{FO_char2,
  author={Larose, Benoit and Loten, Cynthia and Tardif, Claude},
  booktitle={21st Annual IEEE Symposium on Logic in Computer Science (LICS'06)}, 
  title={A Characterisation of First-Order Constraint Satisfaction Problems}, 
  year={2006},
  volume={},
  number={},
  pages={201-210},
  doi={10.1109/LICS.2006.6}
}

@article{BakerPixley,
author = {Pixley, Alden F. and Baker, Kirby A.},
journal = {Mathematische Zeitschrift},
pages = {165-174},
title = {Polynomial Interpolation and the Chinese Remainder Theorem for Algebraic Systems.},
url = {http://eudml.org/doc/172222},
volume = {143},
year = {1975},
}

@INPROCEEDINGS {BartoBodorKozikMottetPinsker,
author = {L. Barto and B. Bodor and M. Kozik and A. Mottet and M. Pinsker},
booktitle = {2023 38th Annual ACM/IEEE Symposium on Logic in Computer Science (LICS)},
title = {Symmetries of Graphs and Structures that Fail to Interpret a Finite Thing},
year = {2023},
volume = {},
issn = {},
pages = {1-13},
doi = {10.1109/LICS56636.2023.10175732},
publisher = {IEEE Computer Society},
address = {Los Alamitos, CA, USA},
month = {jun}
}


@inproceedings{Schaefer78,
  author       = {Thomas J. Schaefer},
  editor       = {Richard J. Lipton and
                  Walter A. Burkhard and
                  Walter J. Savitch and
                  Emily P. Friedman and
                  Alfred V. Aho},
  title        = {The Complexity of Satisfiability Problems},
  booktitle    = {Proceedings of the 10th Annual {ACM} Symposium on Theory of Computing,
                  May 1-3, 1978, San Diego, California, {USA}},
  pages        = {216--226},
  publisher    = {{ACM}},
  year         = {1978},
  url          = {https://doi.org/10.1145/800133.804350},
  doi          = {10.1145/800133.804350},
  timestamp    = {Tue, 06 Nov 2018 11:07:06 +0100},
  biburl       = {https://dblp.org/rec/conf/stoc/Schaefer78.bib},
  bibsource    = {dblp computer science bibliography, https://dblp.org}
}

@inproceedings{Bulatov02,
  author       = {Andrei A. Bulatov},
  title        = {A Dichotomy Theorem for Constraints on a Three-Element Set},
  booktitle    = {43rd Symposium on Foundations of Computer Science {(FOCS} 2002), 16-19
                  November 2002, Vancouver, BC, Canada, Proceedings},
  pages        = {649--658},
  publisher    = {{IEEE} Computer Society},
  year         = {2002},
  url          = {https://doi.org/10.1109/SFCS.2002.1181990},
  doi          = {10.1109/SFCS.2002.1181990},
  timestamp    = {Thu, 23 Mar 2023 23:57:53 +0100},
  biburl       = {https://dblp.org/rec/conf/focs/Bulatov02.bib},
  bibsource    = {dblp computer science bibliography, https://dblp.org}
}

@article{HellN90,
  author       = {Pavol Hell and
                  Jaroslav Nesetril},
  title        = {On the complexity of \emph{H}-coloring},
  journal      = {J. Comb. Theory {B}},
  volume       = {48},
  number       = {1},
  pages        = {92--110},
  year         = {1990},
  url          = {https://doi.org/10.1016/0095-8956(90)90132-J},
  doi          = {10.1016/0095-8956(90)90132-J},
  timestamp    = {Fri, 07 Jun 2024 15:05:40 +0200},
  biburl       = {https://dblp.org/rec/journals/jct/HellN90.bib},
  bibsource    = {dblp computer science bibliography, https://dblp.org}
}

@article{BartoKN09,
  author       = {Libor Barto and
                  Marcin Kozik and
                  Todd Niven},
  title        = {The {CSP} Dichotomy Holds for Digraphs with No Sources and No Sinks
                  {(A} Positive Answer to a Conjecture of Bang-Jensen and Hell)},
  journal      = {{SIAM} J. Comput.},
  volume       = {38},
  number       = {5},
  pages        = {1782--1802},
  year         = {2009},
  url          = {https://doi.org/10.1137/070708093},
  doi          = {10.1137/070708093},
  timestamp    = {Sun, 22 Oct 2023 11:16:06 +0200},
  biburl       = {https://dblp.org/rec/journals/siamcomp/BartoKN09.bib},
  bibsource    = {dblp computer science bibliography, https://dblp.org}
}

@inproceedings{IdziakMMVW07,
  author       = {Pawel M. Idziak and
                  Petar Markovic and
                  Ralph McKenzie and
                  Matthew Valeriote and
                  Ross Willard},
  title        = {Tractability and learnability arising from algebras with few subpowers},
  booktitle    = {22nd {IEEE} Symposium on Logic in Computer Science {(LICS} 2007),
                  10-12 July 2007, Wroclaw, Poland, Proceedings},
  pages        = {213--224},
  publisher    = {{IEEE} Computer Society},
  year         = {2007},
  url          = {https://doi.org/10.1109/LICS.2007.50},
  doi          = {10.1109/LICS.2007.50},
  timestamp    = {Fri, 24 Mar 2023 00:01:49 +0100},
  biburl       = {https://dblp.org/rec/conf/lics/IdziakMMVW07.bib},
  bibsource    = {dblp computer science bibliography, https://dblp.org}
}


@inproceedings{BitterM24,
  author       = {Zeno Bitter and
                  Antoine Mottet},
  editor       = {Rastislav Kr{\'{a}}lovic and
                  Anton{\'{\i}}n Kucera},
  title        = {Generalized Completion Problems with Forbidden Tournaments},
  booktitle    = {49th International Symposium on Mathematical Foundations of Computer
                  Science, {MFCS} 2024, August 26-30, 2024, Bratislava, Slovakia},
  series       = {LIPIcs},
  volume       = {306},
  pages        = {28:1--28:17},
  publisher    = {Schloss Dagstuhl - Leibniz-Zentrum f{\"{u}}r Informatik},
  year         = {2024},
  url          = {https://doi.org/10.4230/LIPIcs.MFCS.2024.28},
  doi          = {10.4230/LIPICS.MFCS.2024.28},
  timestamp    = {Mon, 26 Aug 2024 16:40:52 +0200},
  biburl       = {https://dblp.org/rec/conf/mfcs/BitterM24.bib},
  bibsource    = {dblp computer science bibliography, https://dblp.org}
}

@article{BodirskyCP10,
  author       = {Manuel Bodirsky and
                  Hubie Chen and
                  Michael Pinsker},
  title        = {The reducts of equality up to primitive positive interdefinability},
  journal      = {J. Symb. Log.},
  volume       = {75},
  number       = {4},
  pages        = {1249--1292},
  year         = {2010},
  url          = {https://doi.org/10.2178/jsl/1286198146},
  doi          = {10.2178/JSL/1286198146},
  timestamp    = {Sat, 30 Sep 2023 10:20:26 +0200},
  biburl       = {https://dblp.org/rec/journals/jsyml/BodirskyCP10.bib},
  bibsource    = {dblp computer science bibliography, https://dblp.org}
}

@mastersthesis{ScheckThesis,
title={Pseudo J\'{o}nsson operations in highly
transitive clones},
author={Sergej Scheck},
year={2019},
school={Technische Universit\"{a}t Dresden}
}

@article{WronaQuasiDirected,
  author       = {Michal Wrona},
  title        = {Quasi Directed Jonsson Operations Imply Bounded Width (For fo-expansions
                  of symmetric binary cores with free amalgamation)},
  journal      = {CoRR},
  volume       = {abs/2402.16540},
  year         = {2024},
  url          = {https://doi.org/10.48550/arXiv.2402.16540},
  doi          = {10.48550/ARXIV.2402.16540},
  eprinttype    = {arXiv},
  eprint       = {2402.16540},
  timestamp    = {Mon, 25 Mar 2024 15:38:17 +0100},
  biburl       = {https://dblp.org/rec/journals/corr/abs-2402-16540.bib},
  bibsource    = {dblp computer science bibliography, https://dblp.org}
}


@article{NagyP24,
  author       = {Tom{\'{a}}s Nagy and
                  Michael Pinsker},
  title        = {Strict width for Constraint Satisfaction Problems over homogeneous
                  strucures of finite duality},
  journal      = {CoRR},
  volume       = {abs/2402.09951},
  year         = {2024},
  url          = {https://doi.org/10.48550/arXiv.2402.09951},
  doi          = {10.48550/ARXIV.2402.09951},
  eprinttype    = {arXiv},
  eprint       = {2402.09951},
  timestamp    = {Tue, 20 Feb 2024 11:28:09 +0100},
  biburl       = {https://dblp.org/rec/journals/corr/abs-2402-09951.bib},
  bibsource    = {dblp computer science bibliography, https://dblp.org}
}

@article{Bulatov05,
  author       = {Andrei A. Bulatov},
  title        = {H-Coloring dichotomy revisited},
  journal      = {Theor. Comput. Sci.},
  volume       = {349},
  number       = {1},
  pages        = {31--39},
  year         = {2005},
  url          = {https://doi.org/10.1016/j.tcs.2005.09.028},
  doi          = {10.1016/J.TCS.2005.09.028},
  timestamp    = {Wed, 17 Feb 2021 21:57:38 +0100},
  biburl       = {https://dblp.org/rec/journals/tcs/Bulatov05.bib},
  bibsource    = {dblp computer science bibliography, https://dblp.org}
}

@book{cherlin_2022_1, place={Cambridge}, series={Lecture Notes in Logic}, title={Homogeneous Ordered Graphs, Metrically Homogeneous Graphs, and Beyond}, volume={1}, DOI={10.1017/9781009229661}, publisher={Cambridge University Press}, author={Cherlin, Gregory}, year={2022}, collection={Lecture Notes in Logic}}

@book{cherlin_2022_2, place={Cambridge}, series={Lecture Notes in Logic}, title={Homogeneous Ordered Graphs, Metrically Homogeneous Graphs, and Beyond}, volume={2}, DOI={10.1017/9781009229500}, publisher={Cambridge University Press}, author={Cherlin, Gregory}, year={2022}, collection={Lecture Notes in Logic}}
