@inproceedings{bao2022equivariant,
  title={Equivariant energy-guided sde for inverse molecular design},
  author={Bao, Fan and Zhao, Min and Hao, Zhongkai and Li, Peiyao and Li, Chongxuan and Zhu, Jun},
  booktitle={The eleventh international conference on learning representations},
  year={2022}
}

@article{eckmann2022limo,
  title={Limo: Latent inceptionism for targeted molecule generation},
  author={Eckmann, Peter and Sun, Kunyang and Zhao, Bo and Feng, Mudong and Gilson, Michael K and Yu, Rose},
  journal={Proceedings of machine learning research},
  volume={162},
  pages={5777},
  year={2022},
  publisher={NIH Public Access}
}

@article{fang2023domain,
  title={Domain-agnostic molecular generation with self-feedback},
  author={Fang, Yin and Zhang, Ningyu and Chen, Zhuo and Guo, Lingbing and Fan, Xiaohui and Chen, Huajun},
  journal={arXiv preprint arXiv:2301.11259},
  year={2023}
}

@article{flam2022language,
  title={Language models can learn complex molecular distributions},
  author={Flam-Shepherd, Daniel and Zhu, Kevin and Aspuru-Guzik, Al{\'a}n},
  journal={Nature Communications},
  volume={13},
  number={1},
  pages={3293},
  year={2022},
  publisher={Nature Publishing Group UK London}
}

@article{gebauer2022inverse,
  title={Inverse design of 3d molecular structures with conditional generative neural networks},
  author={Gebauer, Niklas WA and Gastegger, Michael and Hessmann, Stefaan SP and M{\"u}ller, Klaus-Robert and Sch{\"u}tt, Kristof T},
  journal={Nature communications},
  volume={13},
  number={1},
  pages={973},
  year={2022},
  publisher={Nature Publishing Group UK London}
}

@inproceedings{hoogeboom2022equivariant,
  title={Equivariant diffusion for molecule generation in 3d},
  author={Hoogeboom, Emiel and Satorras, V{\i}ctor Garcia and Vignac, Cl{\'e}ment and Welling, Max},
  booktitle={International conference on machine learning},
  pages={8867--8887},
  year={2022},
  organization={PMLR}
}

@inproceedings{jin2018junction,
  title={Junction tree variational autoencoder for molecular graph generation},
  author={Jin, Wengong and Barzilay, Regina and Jaakkola, Tommi},
  booktitle={International conference on machine learning},
  pages={2323--2332},
  year={2018},
  organization={PMLR}
}

@article{liu2019hyperbolic,
  title={Hyperbolic graph neural networks},
  author={Liu, Qi and Nickel, Maximilian and Kiela, Douwe},
  journal={Advances in neural information processing systems},
  volume={32},
  year={2019}
}

@article{mahmood2021masked,
  title={Masked graph modeling for molecule generation},
  author={Mahmood, Omar and Mansimov, Elman and Bonneau, Richard and Cho, Kyunghyun},
  journal={Nature communications},
  volume={12},
  number={1},
  pages={3156},
  year={2021},
  publisher={Nature Publishing Group UK London}
}

@article{reidenbach2022improving,
  title={Improving small molecule generation using mutual information machine},
  author={Reidenbach, Danny and Livne, Micha and Ilango, Rajesh K and Gill, Michelle and Israeli, Johnny},
  journal={arXiv preprint arXiv:2208.09016},
  year={2022}
}

@article{seff2019discrete,
  title={Discrete object generation with reversible inductive construction},
  author={Seff, Ari and Zhou, Wenda and Damani, Farhan and Doyle, Abigail and Adams, Ryan P},
  journal={Advances in neural information processing systems},
  volume={32},
  year={2019}
}

@article{segler2018generating,
  title={Generating focused molecule libraries for drug discovery with recurrent neural networks},
  author={Segler, Marwin HS and Kogej, Thierry and Tyrchan, Christian and Waller, Mark P},
  journal={ACS central science},
  volume={4},
  number={1},
  pages={120--131},
  year={2018},
  publisher={ACS Publications}
}

@article{zunger2018inverse,
  title={Inverse design in search of materials with target functionalities},
  author={Zunger, Alex},
  journal={Nature Reviews Chemistry},
  volume={2},
  number={4},
  pages={0121},
  year={2018},
  publisher={Nature Publishing Group UK London}
}

