@article{du2022molgensurvey,
  title={Molgensurvey: A systematic survey in machine learning models for molecule design},
  author={Du, Yuanqi and Fu, Tianfan and Sun, Jimeng and Liu, Shengchao},
  journal={arXiv preprint arXiv:2203.14500},
  year={2022}
}
@article{10.3389/fphar.2020.565644,
  title={{M}olecular {S}ets ({MOSES}): {A} {B}enchmarking {P}latform for {M}olecular {G}eneration {M}odels},
  author={Polykovskiy, Daniil and Zhebrak, Alexander and Sanchez-Lengeling, Benjamin and Golovanov, Sergey and Tatanov, Oktai and Belyaev, Stanislav and Kurbanov, Rauf and Artamonov, Aleksey and Aladinskiy, Vladimir and Veselov, Mark and Kadurin, Artur and Johansson, Simon and  Chen, Hongming and Nikolenko, Sergey and Aspuru-Guzik, Alan and Zhavoronkov, Alex},
  journal={Frontiers in Pharmacology},
  year={2020}
}
@article{reidenbach2022improving,
  title={Improving small molecule generation using mutual information machine},
  author={Reidenbach, Danny and Livne, Micha and Ilango, Rajesh K and Gill, Michelle and Israeli, Johnny},
  journal={arXiv preprint arXiv:2208.09016},
  year={2022}
}
@article{kaplan2020scaling,
  title={Scaling laws for neural language models},
  author={Kaplan, Jared and McCandlish, Sam and Henighan, Tom and Brown, Tom B and Chess, Benjamin and Child, Rewon and Gray, Scott and Radford, Alec and Wu, Jeffrey and Amodei, Dario},
  journal={arXiv preprint arXiv:2001.08361},
  year={2020}
}
@article{ross2024gp,
  title={GP-MoLFormer: A Foundation Model For Molecular Generation},
  author={Ross, Jerret and Belgodere, Brian and Hoffman, Samuel C and Chenthamarakshan, Vijil and Mroueh, Youssef and Das, Payel},
  journal={arXiv preprint arXiv:2405.04912},
  year={2024}
}
@article{sanchez2018inverse,
  title={Inverse molecular design using machine learning: Generative models for matter engineering},
  author={Sanchez-Lengeling, Benjamin and Aspuru-Guzik, Al{\'a}n},
  journal={Science},
  volume={361},
  number={6400},
  pages={360--365},
  year={2018},
  publisher={American Association for the Advancement of Science}
}
@article{wang2021multi,
  title={Multi-constraint molecular generation based on conditional transformer, knowledge distillation and reinforcement learning},
  author={Wang, Jike and Hsieh, Chang-Yu and Wang, Mingyang and Wang, Xiaorui and Wu, Zhenxing and Jiang, Dejun and Liao, Benben and Zhang, Xujun and Yang, Bo and He, Qiaojun and others},
  journal={Nature Machine Intelligence},
  volume={3},
  number={10},
  pages={914--922},
  year={2021},
  publisher={Nature Publishing Group UK London}
}
@article{segler2018generating,
  title={Generating focused molecule libraries for drug discovery with recurrent neural networks},
  author={Segler, Marwin HS and Kogej, Thierry and Tyrchan, Christian and Waller, Mark P},
  journal={ACS central science},
  volume={4},
  number={1},
  pages={120--131},
  year={2018},
  publisher={ACS Publications}
}
@article{polishchuk2013estimation,
  title={Estimation of the size of drug-like chemical space based on GDB-17 data},
  author={Polishchuk, Pavel G and Madzhidov, Timur I and Varnek, Alexandre},
  journal={Journal of computer-aided molecular design},
  volume={27},
  pages={675--679},
  year={2013},
  publisher={Springer}
}
@article{kingma2013auto,
  title={Auto-encoding variational bayes},
  author={Kingma, Diederik P and Welling, Max},
  journal={arXiv preprint arXiv:1312.6114},
  year={2013}
}
@article{rumelhart1986learning,
  title={Learning representations by back-propagating errors},
  author={Rumelhart, David E and Hinton, Geoffrey E and Williams, Ronald J},
  journal={nature},
  volume={323},
  number={6088},
  pages={533--536},
  year={1986},
  publisher={Nature Publishing Group UK London}
}
@article{hochreiter1997long,
  title={Long short-term memory},
  author={Hochreiter, Sepp and Schmidhuber, J{\"u}rgen},
  journal={Neural computation},
  volume={9},
  number={8},
  pages={1735--1780},
  year={1997},
  publisher={MIT press}
}
@article{goodfellow2014generative,
  title={Generative adversarial nets},
  author={Goodfellow, Ian and Pouget-Abadie, Jean and Mirza, Mehdi and Xu, Bing and Warde-Farley, David and Ozair, Sherjil and Courville, Aaron and Bengio, Yoshua},
  journal={Advances in neural information processing systems},
  volume={27},
  year={2014}
}
@article{gomez2018automatic,
  title={Automatic chemical design using a data-driven continuous representation of molecules},
  author={G{\'o}mez-Bombarelli, Rafael and Wei, Jennifer N and Duvenaud, David and Hern{\'a}ndez-Lobato, Jos{\'e} Miguel and S{\'a}nchez-Lengeling, Benjam{\'\i}n and Sheberla, Dennis and Aguilera-Iparraguirre, Jorge and Hirzel, Timothy D and Adams, Ryan P and Aspuru-Guzik, Al{\'a}n},
  journal={ACS central science},
  volume={4},
  number={2},
  pages={268--276},
  year={2018},
  publisher={ACS Publications}
}
@inproceedings{kusner2017grammar,
  title={Grammar variational autoencoder},
  author={Kusner, Matt J and Paige, Brooks and Hern{\'a}ndez-Lobato, Jos{\'e} Miguel},
  booktitle={International conference on machine learning},
  pages={1945--1954},
  year={2017},
  organization={PMLR}
}
@inproceedings{jin2018junction,
  title={Junction tree variational autoencoder for molecular graph generation},
  author={Jin, Wengong and Barzilay, Regina and Jaakkola, Tommi},
  booktitle={International conference on machine learning},
  pages={2323--2332},
  year={2018},
  organization={PMLR}
}
@article{liu2018constrained,
  title={Constrained graph variational autoencoders for molecule design},
  author={Liu, Qi and Allamanis, Miltiadis and Brockschmidt, Marc and Gaunt, Alexander},
  journal={Advances in neural information processing systems},
  volume={31},
  year={2018}
}
@article{eckmann2022limo,
  title={Limo: Latent inceptionism for targeted molecule generation},
  author={Eckmann, Peter and Sun, Kunyang and Zhao, Bo and Feng, Mudong and Gilson, Michael K and Yu, Rose},
  journal={Proceedings of machine learning research},
  volume={162},
  pages={5777},
  year={2022},
  publisher={NIH Public Access}
}
@inproceedings{kong2023molecule,
  title={Molecule design by latent space energy-based modeling and gradual distribution shifting},
  author={Kong, Deqian and Pang, Bo and Han, Tian and Wu, Ying Nian},
  booktitle={Uncertainty in Artificial Intelligence},
  pages={1109--1120},
  year={2023},
  organization={PMLR}
}
@article{kong2024molecule,
  title={Molecule Design by Latent Prompt Transformer},
  author={Kong, Deqian and Huang, Yuhao and Xie, Jianwen and Wu, Ying Nian},
  journal={arXiv preprint arXiv:2310.03253},
  year={2023}
}
@article{kong2024dual,
  title={Dual-Space Optimization: Improved Molecule Sequence Design by Latent Prompt Transformer},
  author={Kong, Deqian and Huang, Yuhao and Xie, Jianwen and Honig, Edouardo and Xu, Ming and Xue, Shuanghong and Lin, Pei and Zhou, Sanping and Zhong, Sheng and Zheng, Nanning and others},
  journal={arXiv preprint arXiv:2402.17179},
  year={2024}
}
@article{you2018graph,
  title={Graph convolutional policy network for goal-directed molecular graph generation},
  author={You, Jiaxuan and Liu, Bowen and Ying, Zhitao and Pande, Vijay and Leskovec, Jure},
  journal={Advances in neural information processing systems},
  volume={31},
  year={2018}
}
@article{zhou2019optimization,
  title={Optimization of molecules via deep reinforcement learning},
  author={Zhou, Zhenpeng and Kearnes, Steven and Li, Li and Zare, Richard N and Riley, Patrick},
  journal={Scientific reports},
  volume={9},
  number={1},
  pages={10752},
  year={2019},
  publisher={Nature Publishing Group UK London}
}
@inproceedings{jin2020multi,
  title={Multi-objective molecule generation using interpretable substructures},
  author={Jin, Wengong and Barzilay, Regina and Jaakkola, Tommi},
  booktitle={International conference on machine learning},
  pages={4849--4859},
  year={2020},
  organization={PMLR}
}
@inproceedings{luo2021graphdf,
  title={Graphdf: A discrete flow model for molecular graph generation},
  author={Luo, Youzhi and Yan, Keqiang and Ji, Shuiwang},
  booktitle={International conference on machine learning},
  pages={7192--7203},
  year={2021},
  organization={PMLR}
}
@article{hartenfeller2011enabling,
  title={Enabling future drug discovery by de novo design},
  author={Hartenfeller, Markus and Schneider, Gisbert},
  journal={Wiley Interdisciplinary Reviews: Computational Molecular Science},
  volume={1},
  number={5},
  pages={742--759},
  year={2011},
  publisher={Wiley Online Library}
}
@article{jensen2019graph,
  title={A graph-based genetic algorithm and generative model/Monte Carlo tree search for the exploration of chemical space},
  author={Jensen, Jan H},
  journal={Chemical science},
  volume={10},
  number={12},
  pages={3567--3572},
  year={2019},
  publisher={Royal Society of Chemistry}
}
@article{nigam2019augmenting,
  title={Augmenting genetic algorithms with deep neural networks for exploring the chemical space},
  author={Nigam, AkshatKumar and Friederich, Pascal and Krenn, Mario and Aspuru-Guzik, Al{\'a}n},
  journal={arXiv preprint arXiv:1909.11655},
  year={2019}
}
@article{reutlinger2014multi,
  title={Multi-objective molecular de novo design by adaptive fragment prioritization},
  author={Reutlinger, Michael and Rodrigues, Tiago and Schneider, Petra and Schneider, Gisbert},
  journal={Angewandte Chemie International Edition},
  volume={53},
  number={16},
  pages={4244--4248},
  year={2014},
  publisher={Wiley Online Library}
}
@article{kipf2016semi,
  title={Semi-supervised classification with graph convolutional networks},
  author={Kipf, Thomas N and Welling, Max},
  journal={arXiv preprint arXiv:1609.02907},
  year={2016}
}
@article{bran2023chemcrow,
  title={Chemcrow: Augmenting large-language models with chemistry tools},
  author={Bran, Andres M and Cox, Sam and Schilter, Oliver and Baldassari, Carlo and White, Andrew D and Schwaller, Philippe},
  journal={arXiv preprint arXiv:2304.05376},
  year={2023}
}
@article{white2023future,
  title={The future of chemistry is language},
  author={White, Andrew D},
  journal={Nature Reviews Chemistry},
  volume={7},
  number={7},
  pages={457--458},
  year={2023},
  publisher={Nature Publishing Group UK London}
}
@article{li2024empowering,
  title={Empowering molecule discovery for molecule-caption translation with large language models: A chatgpt perspective},
  author={Li, Jiatong and Liu, Yunqing and Fan, Wenqi and Wei, Xiao-Yong and Liu, Hui and Tang, Jiliang and Li, Qing},
  journal={IEEE Transactions on Knowledge and Data Engineering},
  year={2024},
  publisher={IEEE}
}
@article{edwards2022translation,
  title={Translation between molecules and natural language},
  author={Edwards, Carl and Lai, Tuan and Ros, Kevin and Honke, Garrett and Cho, Kyunghyun and Ji, Heng},
  journal={arXiv preprint arXiv:2204.11817},
  year={2022}
}
@article{pei2023biot5,
  title={Biot5: Enriching cross-modal integration in biology with chemical knowledge and natural language associations},
  author={Pei, Qizhi and Zhang, Wei and Zhu, Jinhua and Wu, Kehan and Gao, Kaiyuan and Wu, Lijun and Xia, Yingce and Yan, Rui},
  journal={arXiv preprint arXiv:2310.07276},
  year={2023}
}
@article{yue2024unlocking,
  title={Unlocking comprehensive molecular design across all scenarios with large language model and unordered chemical language},
  author={Yue, Jie and Peng, Bingxin and Chen, Yu and Jin, Jieyu and Zhao, Xinda and Shen, Chao and Ji, Xiangyang and Hsieh, Chang-Yu and Song, Jianfei and Hou, Tingjun and others},
  journal={Chemical Science},
  year={2024},
  publisher={Royal Society of Chemistry}
}
@article{weininger1988smiles,
  title={SMILES, a chemical language and information system. 1. Introduction to methodology and encoding rules},
  author={Weininger, David},
  journal={Journal of chemical information and computer sciences},
  volume={28},
  number={1},
  pages={31--36},
  year={1988},
  publisher={ACS Publications}
}
@article{krenn2020self,
  title={Self-referencing embedded strings (SELFIES): A 100\% robust molecular string representation},
  author={Krenn, Mario and H{\"a}se, Florian and Nigam, AkshatKumar and Friederich, Pascal and Aspuru-Guzik, Alan},
  journal={Machine Learning: Science and Technology},
  volume={1},
  number={4},
  pages={045024},
  year={2020},
  publisher={IOP Publishing}
}
@inproceedings{sun2020ernie,
  title={Ernie 2.0: A continual pre-training framework for language understanding},
  author={Sun, Yu and Wang, Shuohuan and Li, Yukun and Feng, Shikun and Tian, Hao and Wu, Hua and Wang, Haifeng},
  booktitle={Proceedings of the AAAI Conference on Artificial Intelligence},
  volume={34},
  number={05},
  pages={8968--8975},
  year={2020}
}
@article{sun2019ernie,
  title={Ernie: Enhanced representation through knowledge integration},
  author={Sun, Yu and Wang, Shuohuan and Li, Yukun and Feng, Shikun and Chen, Xuyi and Zhang, Han and Tian, Xin and Zhu, Danxiang and Tian, Hao and Wu, Hua},
  journal={arXiv preprint arXiv:1904.09223},
  year={2019}
}
@article{qin2024mooncake,
  title={Mooncake: Kimi's KVCache-centric Architecture for LLM Serving},
  author={Qin, Ruoyu and Li, Zheming and He, Weiran and Zhang, Mingxing and Wu, Yongwei and Zheng, Weimin and Xu, Xinran},
  journal={arXiv preprint arXiv:2407.00079},
  year={2024}
}
@misc{openai2024gpt4technicalreport,
      title={GPT-4 Technical Report}, 
      author={OpenAI and Achiam, Josh and Adler, Steven and Agarwal, Sandhini, et al.},
      year={2024},
      eprint={2303.08774},
      archivePrefix={arXiv},
      primaryClass={cs.CL},
      url={https://arxiv.org/abs/2303.08774}, 
}
@article{liu2022brio,
  title={BRIO: Bringing order to abstractive summarization},
  author={Liu, Yixin and Liu, Pengfei and Radev, Dragomir and Neubig, Graham},
  journal={arXiv preprint arXiv:2203.16804},
  year={2022}
}
@article{vaswani2017attention,
  title={Attention is All You Need},
  author={Vaswani, Ashish},
  journal={arXiv preprint arXiv:1706.03762},
  year={2017}
}
@misc{touvron2023llama2openfoundation,
      title={Llama 2: Open Foundation and Fine-Tuned Chat Models}, 
      author={Touvron, Hugo and Martin, Louis and Stone, Kevin and Albert, Peter, et al.},
      year={2023},
      eprint={2307.09288},
      archivePrefix={arXiv},
      primaryClass={cs.CL},
      url={https://arxiv.org/abs/2307.09288}, 
}
@misc{dubey2024llama3herdmodels,
      title={The Llama 3 Herd of Models}, 
      author={Dubey, Abhimanyu and Jauhri, Abhinav and Pandey, Abhinav and Kadian, Abhishek, et al.},
      year={2024},
      eprint={2407.21783},
      archivePrefix={arXiv},
      primaryClass={cs.AI},
      url={https://arxiv.org/abs/2407.21783}, 
}
@article{zunger2018inverse,
  title={Inverse design in search of materials with target functionalities},
  author={Zunger, Alex},
  journal={Nature Reviews Chemistry},
  volume={2},
  number={4},
  pages={0121},
  year={2018},
  publisher={Nature Publishing Group UK London}
}
@article{touvron2023llama,
  title={Llama 2: Open foundation and fine-tuned chat models},
  author={Touvron, Hugo and Martin, Louis and Stone, Kevin and Albert, Peter and Almahairi, Amjad and Babaei, Yasmine and Bashlykov, Nikolay and Batra, Soumya and Bhargava, Prajjwal and Bhosale, Shruti and others},
  journal={arXiv preprint arXiv:2307.09288},
  year={2023}
}
@article{irwin2012zinc,
  title={ZINC: a free tool to discover chemistry for biology},
  author={Irwin, John J and Sterling, Teague and Mysinger, Michael M and Bolstad, Erin S and Coleman, Ryan G},
  journal={Journal of chemical information and modeling},
  volume={52},
  number={7},
  pages={1757--1768},
  year={2012},
  publisher={ACS Publications}
}
@misc{landrum2006rdkit,
  title={RDKit: Open-source cheminformatics},
  author={Landrum, Greg and others},
  year={2006}
}
@article{santos2021accelerating,
  title={Accelerating AutoDock4 with GPUs and gradient-based local search},
  author={Santos-Martins, Diogo and Solis-Vasquez, Leonardo and Tillack, Andreas F and Sanner, Michel F and Koch, Andreas and Forli, Stefano},
  journal={Journal of chemical theory and computation},
  volume={17},
  number={2},
  pages={1060--1073},
  year={2021},
  publisher={ACS Publications}
}
@article{lewell1998recap,
  title={Recap retrosynthetic combinatorial analysis procedure: a powerful new technique for identifying privileged molecular fragments with useful applications in combinatorial chemistry},
  author={Lewell, Xiao Qing and Judd, Duncan B and Watson, Stephen P and Hann, Michael M},
  journal={Journal of chemical information and computer sciences},
  volume={38},
  number={3},
  pages={511--522},
  year={1998},
  publisher={ACS Publications}
}
@article{bickerton2012quantifying,
  title={Quantifying the chemical beauty of drugs},
  author={Bickerton, G Richard and Paolini, Gaia V and Besnard, J{\'e}r{\'e}my and Muresan, Sorel and Hopkins, Andrew L},
  journal={Nature chemistry},
  volume={4},
  number={2},
  pages={90--98},
  year={2012},
  publisher={Nature Publishing Group}
}
@article{ertl2009estimation,
  title={Estimation of synthetic accessibility score of drug-like molecules based on molecular complexity and fragment contributions},
  author={Ertl, Peter and Schuffenhauer, Ansgar},
  journal={Journal of cheminformatics},
  volume={1},
  pages={1--11},
  year={2009},
  publisher={Springer}
}
@article{abdelraheem2016artificial,
  title={Artificial macrocycles by ugi reaction and passerini ring closure},
  author={Abdelraheem, Eman MM and Kurpiewska, Katarzyna and Kalinowska-T{\l}uścik, Justyna and Domling, Alexander},
  journal={The Journal of Organic Chemistry},
  volume={81},
  number={19},
  pages={8789--8795},
  year={2016},
  publisher={ACS Publications}
}
@article{hussain2014importance,
  title={Importance and synthesis of benzannulated medium-sized and macrocyclic rings (BMRs)},
  author={Hussain, Altaf and Yousuf, SK and Mukherjee, Debaraj},
  journal={RSC Advances},
  volume={4},
  number={81},
  pages={43241--43257},
  year={2014},
  publisher={Royal Society of Chemistry}
}
@article{rogers2010extended,
  title={Extended-connectivity fingerprints},
  author={Rogers, David and Hahn, Mathew},
  journal={Journal of chemical information and modeling},
  volume={50},
  number={5},
  pages={742--754},
  year={2010},
  publisher={ACS Publications}
}
@inproceedings{bao2022equivariant,
  title={Equivariant energy-guided sde for inverse molecular design},
  author={Bao, Fan and Zhao, Min and Hao, Zhongkai and Li, Peiyao and Li, Chongxuan and Zhu, Jun},
  booktitle={The eleventh international conference on learning representations},
  year={2022}
}
@inproceedings{sohl2015deep,
  title={Deep unsupervised learning using nonequilibrium thermodynamics},
  author={Sohl-Dickstein, Jascha and Weiss, Eric and Maheswaranathan, Niru and Ganguli, Surya},
  booktitle={International conference on machine learning},
  pages={2256--2265},
  year={2015},
  organization={PMLR}
}
@article{mahmood2021masked,
  title={Masked graph modeling for molecule generation},
  author={Mahmood, Omar and Mansimov, Elman and Bonneau, Richard and Cho, Kyunghyun},
  journal={Nature communications},
  volume={12},
  number={1},
  pages={3156},
  year={2021},
  publisher={Nature Publishing Group UK London}
}
@article{seff2019discrete,
  title={Discrete object generation with reversible inductive construction},
  author={Seff, Ari and Zhou, Wenda and Damani, Farhan and Doyle, Abigail and Adams, Ryan P},
  journal={Advances in neural information processing systems},
  volume={32},
  year={2019}
}
@article{gebauer2019symmetry,
  title={Symmetry-adapted generation of 3d point sets for the targeted discovery of molecules},
  author={Gebauer, Niklas and Gastegger, Michael and Sch{\"u}tt, Kristof},
  journal={Advances in neural information processing systems},
  volume={32},
  year={2019}
}
@article{song2020score,
  title={Score-based generative modeling through stochastic differential equations},
  author={Song, Yang and Sohl-Dickstein, Jascha and Kingma, Diederik P and Kumar, Abhishek and Ermon, Stefano and Poole, Ben},
  journal={arXiv preprint arXiv:2011.13456},
  year={2020}
}
@inproceedings{hoogeboom2022equivariant,
  title={Equivariant diffusion for molecule generation in 3d},
  author={Hoogeboom, Emiel and Satorras, V{\i}ctor Garcia and Vignac, Cl{\'e}ment and Welling, Max},
  booktitle={International conference on machine learning},
  pages={8867--8887},
  year={2022},
  organization={PMLR}
}
@article{bengio2015scheduled,
  title={Scheduled sampling for sequence prediction with recurrent neural networks},
  author={Bengio, Samy and Vinyals, Oriol and Jaitly, Navdeep and Shazeer, Noam},
  journal={Advances in neural information processing systems},
  volume={28},
  year={2015}
}
@article{khayrallah2020simulated,
  title={Simulated multiple reference training improves low-resource machine translation},
  author={Khayrallah, Huda and Thompson, Brian and Post, Matt and Koehn, Philipp},
  journal={arXiv preprint arXiv:2004.14524},
  year={2020}
}
@inproceedings{hopkins2011tuning,
  title={Tuning as ranking},
  author={Hopkins, Mark and May, Jonathan},
  booktitle={Proceedings of the 2011 Conference on Empirical Methods in Natural Language Processing},
  pages={1352--1362},
  year={2011}
}
@article{zhong2020extractive,
  title={Extractive summarization as text matching},
  author={Zhong, Ming and Liu, Pengfei and Chen, Yiran and Wang, Danqing and Qiu, Xipeng and Huang, Xuanjing},
  journal={arXiv preprint arXiv:2004.08795},
  year={2020}
}
@article{cho2014properties,
  title={On the properties of neural machine translation: Encoder-decoder approaches},
  author={Cho, Kyunghyun and Van Merri{\"e}nboer, Bart and Bahdanau, Dzmitry and Bengio, Yoshua},
  journal={arXiv preprint arXiv:1409.1259},
  year={2014}
}
@article{kingma2014adam,
  title={Adam: A method for stochastic optimization},
  author={Kingma, Diederik P and Ba, Jimmy},
  journal={arXiv preprint arXiv:1412.6980},
  year={2014}
}
@article{loshchilov2017decoupled,
  title={Decoupled weight decay regularization},
  author={Loshchilov, Ilya and Hutter, Frank},
  journal={arXiv preprint arXiv:1711.05101},
  year={2017}
}
@article{fang2023domain,
  title={Domain-agnostic molecular generation with self-feedback},
  author={Fang, Yin and Zhang, Ningyu and Chen, Zhuo and Guo, Lingbing and Fan, Xiaohui and Chen, Huajun},
  journal={arXiv preprint arXiv:2301.11259},
  year={2023}
}
@article{liu2019hyperbolic,
  title={Hyperbolic graph neural networks},
  author={Liu, Qi and Nickel, Maximilian and Kiela, Douwe},
  journal={Advances in neural information processing systems},
  volume={32},
  year={2019}
}
@article{flam2022language,
  title={Language models can learn complex molecular distributions},
  author={Flam-Shepherd, Daniel and Zhu, Kevin and Aspuru-Guzik, Al{\'a}n},
  journal={Nature Communications},
  volume={13},
  number={1},
  pages={3293},
  year={2022},
  publisher={Nature Publishing Group UK London}
}
@article{gebauer2022inverse,
  title={Inverse design of 3d molecular structures with conditional generative neural networks},
  author={Gebauer, Niklas WA and Gastegger, Michael and Hessmann, Stefaan SP and M{\"u}ller, Klaus-Robert and Sch{\"u}tt, Kristof T},
  journal={Nature communications},
  volume={13},
  number={1},
  pages={973},
  year={2022},
  publisher={Nature Publishing Group UK London}
}
@article{guo2023indeed,
  title={What indeed can gpt models do in chemistry? a comprehensive benchmark on eight tasks},
  author={Guo, Taicheng and Guo, Kehan and Liang, Zhengwen and Guo, Zhichun and Chawla, Nitesh V and Wiest, Olaf and Zhang, Xiangliang and others},
  journal={arXiv preprint arXiv:2305.18365},
  year={2023}
}
@misc{pubchem2244,
  author = {{National Center for Biotechnology Information}},
  title = {{PubChem Compound Summary for CID 2244, Aspirin}},
  howpublished = {\url{https://pubchem.ncbi.nlm.nih.gov/compound/Aspirin}},
  note = {Accessed May 22, 2024}
}
@book{ abelson-et-al:scheme,
  author = "Harold Abelson and Gerald~Jay Sussman and Julie Sussman",
  title = "Structure and Interpretation of Computer Programs",
  publisher = "MIT Press",
  address = "Cambridge, Massachusetts",
  year = "1985"
}
@inproceedings{ bgf:Lixto,
  author = "Robert Baumgartner and Georg Gottlob and Sergio Flesca",
  title = "Visual Information Extraction with {Lixto}",
  booktitle = "Proceedings of the 27th International Conference on Very Large Databases",
  pages = "119--128",
  publisher = "Morgan Kaufmann",
  address = "Rome, Italy",
  month = "September",
  year = "2001"
}
@article{ brachman-schmolze:kl-one,
  author = "Ronald~J. Brachman and James~G. Schmolze",
  title = "An overview of the {KL-ONE} knowledge representation system",
  journal = "Cognitive Science",
  volume = "9",
  number = "2",
  pages = "171--216",
  month = "April--June",
  year = "1985"
}
@article{ gottlob:nonmon,
  author = "Georg Gottlob",
  title = "Complexity results for nonmonotonic logics",
  journal = "Journal of Logic and Computation",
  volume = "2",
  number = "3",
  pages = "397--425",
  month = "June",
  year = "1992"
}
@article{ gls:hypertrees,
  author = "Georg Gottlob and Nicola Leone and Francesco Scarcello",
  title = "Hypertree Decompositions and Tractable Queries",
  journal = "Journal of Computer and System Sciences",
  volume = "64",
  number = "3",
  pages = "579--627",
  month = "May",
  year = "2002"
}
@article{ levesque:functional-foundations,
  author = "Hector~J. Levesque",
  title = "Foundations of a functional approach to knowledge representation",
  journal = "Artificial Intelligence",
  volume = "23",
  number = "2",
  pages = "155--212",
  month = "July",
  year = "1984"
}
@inproceedings{ levesque:belief,
  author = "Hector~J. Levesque",
  title = "A logic of implicit and explicit belief",
  booktitle = "Proceedings of the Fourth National Conference on Artificial Intelligence",
  publisher = "American Association for Artificial Intelligence",
  pages = "198--202",
  address = "Austin, Texas",
  month = "August",
  year = "1984"
}
@article{ nebel:jair-2000,
  author = "Bernhard Nebel",
  title = "On the compilability and expressive power of propositional planning formalisms",
  journal = "Journal of Artificial Intelligence Research",
  volume = "12",
  pages = "271--315",
  year = "2000"
}
@misc{proceedings,
  author = {{IJCAI Proceedings}},
  title = {{IJCAI} Camera Ready Submission},
  howpublished = {\url{https://proceedings.ijcai.org/info}},
}