@article{chen2022open,
  title={Open vocabulary object detection with proposal mining and prediction equalization},
  author={Chen, Peixian and Sheng, Kekai and Zhang, Mengdan and Lin, Mingbao and Shen, Yunhang and Lin, Shaohui and Ren, Bo and Li, Ke},
  journal={arXiv preprint arXiv:2206.11134},
  year={2022}
}

@article{chen2024taskclip,
  title={Taskclip: Extend large vision-language model for task oriented object detection},
  author={Chen, Hanning and Huang, Wenjun and Ni, Yang and Yun, Sanggeon and Liu, Yezi and Wen, Fei and Velasquez, Alvaro and Latapie, Hugo and Imani, Mohsen},
  journal={arXiv preprint arXiv:2403.08108},
  year={2024}
}

@inproceedings{cheng2024yolo,
  title={Yolo-world: Real-time open-vocabulary object detection},
  author={Cheng, Tianheng and Song, Lin and Ge, Yixiao and Liu, Wenyu and Wang, Xinggang and Shan, Ying},
  booktitle={Proceedings of the IEEE/CVF Conference on Computer Vision and Pattern Recognition},
  pages={16901--16911},
  year={2024}
}

@inproceedings{du2022learning,
  title={Learning to prompt for open-vocabulary object detection with vision-language model},
  author={Du, Yu and Wei, Fangyun and Zhang, Zihe and Shi, Miaojing and Gao, Yue and Li, Guoqi},
  booktitle={Proceedings of the IEEE/CVF Conference on Computer Vision and Pattern Recognition},
  pages={14084--14093},
  year={2022}
}

@inproceedings{liu2025grounding,
  title={Grounding dino: Marrying dino with grounded pre-training for open-set object detection},
  author={Liu, Shilong and Zeng, Zhaoyang and Ren, Tianhe and Li, Feng and Zhang, Hao and Yang, Jie and Jiang, Qing and Li, Chunyuan and Yang, Jianwei and Su, Hang and others},
  booktitle={European Conference on Computer Vision},
  pages={38--55},
  year={2025},
  organization={Springer}
}

@InProceedings{pmlr-v139-radford21a,
  title = 	 {Learning Transferable Visual Models From Natural Language Supervision},
  author =       {Radford, Alec and Kim, Jong Wook and Hallacy, Chris and Ramesh, Aditya and Goh, Gabriel and Agarwal, Sandhini and Sastry, Girish and Askell, Amanda and Mishkin, Pamela and Clark, Jack and Krueger, Gretchen and Sutskever, Ilya},
  booktitle = 	 {Proceedings of the 38th International Conference on Machine Learning},
  pages = 	 {8748--8763},
  year = 	 {2021},
  editor = 	 {Meila, Marina and Zhang, Tong},
  volume = 	 {139},
  series = 	 {Proceedings of Machine Learning Research},
  month = 	 {18--24 Jul},
  publisher =    {PMLR},
  pdf = 	 {http://proceedings.mlr.press/v139/radford21a/radford21a.pdf},
  url = 	 {https://proceedings.mlr.press/v139/radford21a.html},
}

@article{zhang2022dino,
  title={Dino: Detr with improved denoising anchor boxes for end-to-end object detection},
  author={Zhang, Hao and Li, Feng and Liu, Shilong and Zhang, Lei and Su, Hang and Zhu, Jun and Ni, Lionel M and Shum, Heung-Yeung},
  journal={arXiv preprint arXiv:2203.03605},
  year={2022}
}

@inproceedings{zhao2022exploiting,
  title={Exploiting unlabeled data with vision and language models for object detection},
  author={Zhao, Shiyu and Zhang, Zhixing and Schulter, Samuel and Zhao, Long and Vijay Kumar, BG and Stathopoulos, Anastasis and Chandraker, Manmohan and Metaxas, Dimitris N},
  booktitle={European conference on computer vision},
  pages={159--175},
  year={2022},
  organization={Springer}
}

@inproceedings{zhong2022regionclip,
  title={Regionclip: Region-based language-image pretraining},
  author={Zhong, Yiwu and Yang, Jianwei and Zhang, Pengchuan and Li, Chunyuan and Codella, Noel and Li, Liunian Harold and Zhou, Luowei and Dai, Xiyang and Yuan, Lu and Li, Yin and others},
  booktitle={Proceedings of the IEEE/CVF conference on computer vision and pattern recognition},
  pages={16793--16803},
  year={2022}
}

@article{zhou2022learning,
  title={Learning to prompt for vision-language models},
  author={Zhou, Kaiyang and Yang, Jingkang and Loy, Chen Change and Liu, Ziwei},
  journal={International Journal of Computer Vision},
  volume={130},
  number={9},
  pages={2337--2348},
  year={2022},
  publisher={Springer}
}

