@article{survey,
  title={A survey on object detection in optical remote sensing images},
  author={Cheng, Gong and Han, Junwei},
  journal={ISPRS journal of photogrammetry and remote sensing},
  volume={117},
  pages={11--28},
  year={2016},
  publisher={Elsevier}
}

@article{objectrobotic,
  title={The object detection, perspective and obstacles in robotic: a review},
  author={Xu, Ge and Khan, Amir Sohail and Moshayedi, Ata Jahangir and Zhang, Xiaohong and Shuxin, Yang},
  journal={EAI Endorsed Transactions on AI and Robotics},
  volume={1},
  number={1},
  year={2022}
}

@inproceedings{AD,
  title={AQT: Adversarial Query Transformers for Domain Adaptive Object Detection.},
  author={Huang, Wei-Jie and Lu, Yu-Lin and Lin, Shih-Yao and Xie, Yusheng and Lin, Yen-Yu},
  booktitle={IJCAI},
  pages={972--979},
  year={2022}
}

@inproceedings{detrs,
  title={Detrs beat yolos on real-time object detection},
  author={Zhao, Yian and Lv, Wenyu and Xu, Shangliang and Wei, Jinman and Wang, Guanzhong and Dang, Qingqing and Liu, Yi and Chen, Jie},
  booktitle={Proceedings of the IEEE/CVF Conference on Computer Vision and Pattern Recognition},
  pages={16965--16974},
  year={2024}
}


@article{fasternn,
  title={Faster R-CNN: Towards real-time object detection with region proposal networks},
  author={Ren, Shaoqing and He, Kaiming and Girshick, Ross and Sun, Jian},
  journal={IEEE transactions on pattern analysis and machine intelligence},
  volume={39},
  number={6},
  pages={1137--1149},
  year={2016},
  publisher={IEEE}
}

@inproceedings{diffusiondet,
  title={Diffusiondet: Diffusion model for object detection},
  author={Chen, Shoufa and Sun, Peize and Song, Yibing and Luo, Ping},
  booktitle={Proceedings of the IEEE/CVF international conference on computer vision},
  pages={19830--19843},
  year={2023}
}

@inproceedings{coco,
  title={Microsoft coco: Common objects in context},
  author={Lin, Tsung-Yi and Maire, Michael and Belongie, Serge and Hays, James and Perona, Pietro and Ramanan, Deva and Doll{\'a}r, Piotr and Zitnick, C Lawrence},
  booktitle={Computer Vision--ECCV 2014: 13th European Conference, Zurich, Switzerland, September 6-12, 2014, Proceedings, Part V 13},
  pages={740--755},
  year={2014},
  organization={Springer}
}


@inproceedings{li2024seed,
  title={SEED-Bench: Benchmarking Multimodal Large Language Models},
  author={Li, Bohao and Ge, Yuying and Ge, Yixiao and Wang, Guangzhi and Wang, Rui and Zhang, Ruimao and Shan, Ying},
  booktitle={Proceedings of the IEEE/CVF Conference on Computer Vision and Pattern Recognition},
  pages={13299--13308},
  year={2024}
}

@inproceedings{cui2024survey,
  title={A survey on multimodal large language models for autonomous driving},
  author={Cui, Can and Ma, Yunsheng and Cao, Xu and Ye, Wenqian and Zhou, Yang and Liang, Kaizhao and Chen, Jintai and Lu, Juanwu and Yang, Zichong and Liao, Kuei-Da and others},
  booktitle={Proceedings of the IEEE/CVF Winter Conference on Applications of Computer Vision},
  pages={958--979},
  year={2024}
}


# --------------method-----------
@article{yu2023towards,
  title={Towards open-ended visual recognition with large language model},
  author={Yu, Qihang and Shen, Xiaohui and Chen, Liang-Chieh},
  journal={arXiv preprint arXiv:2311.08400},
  year={2023}
}
@article{sun2023multimodal,
  title={Multimodal question answering for unified information extraction},
  author={Sun, Yuxuan and Zhang, Kai and Su, Yu},
  journal={arXiv preprint arXiv:2310.03017},
  year={2023}
}
@article{yin2023survey,
  title={A survey on multimodal large language models},
  author={Yin, Shukang and Fu, Chaoyou and Zhao, Sirui and Li, Ke and Sun, Xing and Xu, Tong and Chen, Enhong},
  journal={arXiv preprint arXiv:2306.13549},
  year={2023}
}
@article{liu2024visual,
  title={Visual instruction tuning},
  author={Liu, Haotian and Li, Chunyuan and Wu, Qingyang and Lee, Yong Jae},
  journal={Advances in neural information processing systems},
  volume={36},
  year={2024}
}

@inproceedings{liu2024improved,
  title={Improved baselines with visual instruction tuning},
  author={Liu, Haotian and Li, Chunyuan and Li, Yuheng and Lee, Yong Jae},
  booktitle={Proceedings of the IEEE/CVF Conference on Computer Vision and Pattern Recognition},
  pages={26296--26306},
  year={2024}
}
@inproceedings{wang2025q,
  title={Q\&A Prompts: Discovering Rich Visual Clues through Mining Question-Answer Prompts for VQA requiring Diverse World Knowledge},
  author={Wang, Haibo and Ge, Weifeng},
  booktitle={European Conference on Computer Vision},
  pages={274--292},
  year={2025},
  organization={Springer}
}
@Misc{hellogpt4o,
 title = {Hello GPT-4o},
 author = {OpenAI},
 year = 2024,
 howpublished = {\url{https://openai.com/index/hello-gpt-4o/}},
}
@article{zhao2024real,
  title={Real-time Transformer-based Open-Vocabulary Detection with Efficient Fusion Head},
  author={Zhao, Tiancheng and Liu, Peng and He, Xuan and Zhang, Lu and Lee, Kyusong},
  journal={arXiv preprint arXiv:2403.06892},
  year={2024}
}
@inproceedings{li2024visual,
  title={Visual in-context prompting},
  author={Li, Feng and Jiang, Qing and Zhang, Hao and Ren, Tianhe and Liu, Shilong and Zou, Xueyan and Xu, Huaizhe and Li, Hongyang and Yang, Jianwei and Li, Chunyuan and others},
  booktitle={Proceedings of the IEEE/CVF Conference on Computer Vision and Pattern Recognition},
  pages={12861--12871},
  year={2024}
}
@inproceedings{cheng2024yolo,
  title={Yolo-world: Real-time open-vocabulary object detection},
  author={Cheng, Tianheng and Song, Lin and Ge, Yixiao and Liu, Wenyu and Wang, Xinggang and Shan, Ying},
  booktitle={Proceedings of the IEEE/CVF Conference on Computer Vision and Pattern Recognition},
  pages={16901--16911},
  year={2024}
}
@inproceedings{liu2025grounding,
  title={Grounding dino: Marrying dino with grounded pre-training for open-set object detection},
  author={Liu, Shilong and Zeng, Zhaoyang and Ren, Tianhe and Li, Feng and Zhang, Hao and Yang, Jie and Jiang, Qing and Li, Chunyuan and Yang, Jianwei and Su, Hang and others},
  booktitle={European Conference on Computer Vision},
  pages={38--55},
  year={2025},
  organization={Springer}
}



@inproceedings{LLaVA1.5,
  title={Improved baselines with visual instruction tuning},
  author={Liu, Haotian and Li, Chunyuan and Li, Yuheng and Lee, Yong Jae},
  booktitle={Proceedings of the IEEE/CVF Conference on Computer Vision and Pattern Recognition},
  pages={26296--26306},
  year={2024}
}


# --------------experiment-----------
@article{chen2024revisiting,
  title={Revisiting Referring Expression Comprehension Evaluation in the Era of Large Multimodal Models},
  author={Chen, Jierun and Wei, Fangyun and Zhao, Jinjing and Song, Sizhe and Wu, Bohuai and Peng, Zhuoxuan and Chan, S-H Gary and Zhang, Hongyang},
  journal={arXiv preprint arXiv:2406.16866},
  year={2024}
}
@inproceedings{kazemzadeh2014referitgame,
  title={Referitgame: Referring to objects in photographs of natural scenes},
  author={Kazemzadeh, Sahar and Ordonez, Vicente and Matten, Mark and Berg, Tamara},
  booktitle={Proceedings of the 2014 conference on empirical methods in natural language processing (EMNLP)},
  pages={787--798},
  year={2014}
}
@inproceedings{mao2016generation,
  title={Generation and comprehension of unambiguous object descriptions},
  author={Mao, Junhua and Huang, Jonathan and Toshev, Alexander and Camburu, Oana and Yuille, Alan L and Murphy, Kevin},
  booktitle={Proceedings of the IEEE conference on computer vision and pattern recognition},
  pages={11--20},
  year={2016}
}
@inproceedings{yu2016modeling,
  title={Modeling context in referring expressions},
  author={Yu, Licheng and Poirson, Patrick and Yang, Shan and Berg, Alexander C and Berg, Tamara L},
  booktitle={Computer Vision--ECCV 2016: 14th European Conference, Amsterdam, The Netherlands, October 11-14, 2016, Proceedings, Part II 14},
  pages={69--85},
  year={2016},
  organization={Springer}
}
@inproceedings{nagaraja2016modeling,
  title={Modeling context between objects for referring expression understanding},
  author={Nagaraja, Varun K and Morariu, Vlad I and Davis, Larry S},
  booktitle={Computer Vision--ECCV 2016: 14th European Conference, Amsterdam, The Netherlands, October 11--14, 2016, Proceedings, Part IV 14},
  pages={792--807},
  year={2016},
  organization={Springer}
}
@article{zhang2023next,
  title={Next-chat: An lmm for chat, detection and segmentation},
  author={Zhang, Ao and Zhao, Liming and Xie, Chen-Wei and Zheng, Yun and Ji, Wei and Chua, Tat-Seng},
  journal={arXiv preprint arXiv:2311.04498},
  year={2023}
}
@article{chen2023shikra,
  title={Shikra: Unleashing multimodal llm's referential dialogue magic},
  author={Chen, Keqin and Zhang, Zhao and Zeng, Weili and Zhang, Richong and Zhu, Feng and Zhao, Rui},
  journal={arXiv preprint arXiv:2306.15195},
  year={2023}
}
@inproceedings{zhan2025griffon,
  title={Griffon: Spelling out all object locations at any granularity with large language models},
  author={Zhan, Yufei and Zhu, Yousong and Chen, Zhiyang and Yang, Fan and Tang, Ming and Wang, Jinqiao},
  booktitle={European Conference on Computer Vision},
  pages={405--422},
  year={2025},
  organization={Springer}
}
@article{peng2023kosmos,
  title={Kosmos-2: Grounding multimodal large language models to the world},
  author={Peng, Zhiliang and Wang, Wenhui and Dong, Li and Hao, Yaru and Huang, Shaohan and Ma, Shuming and Wei, Furu},
  journal={arXiv preprint arXiv:2306.14824},
  year={2023}
}
@inproceedings{lin2014microsoft,
  title={Microsoft coco: Common objects in context},
  author={Lin, Tsung-Yi and Maire, Michael and Belongie, Serge and Hays, James and Perona, Pietro and Ramanan, Deva and Doll{\'a}r, Piotr and Zitnick, C Lawrence},
  booktitle={Computer Vision--ECCV 2014: 13th European Conference, Zurich, Switzerland, September 6-12, 2014, Proceedings, Part V 13},
  pages={740--755},
  year={2014},
  organization={Springer}
}
@Misc{timmurphy.org,
howpublished = {\url{https://cloud.tencent.com/developer/article/1044818}},
}

@article{zhang2022dino,
  title={Dino: Detr with improved denoising anchor boxes for end-to-end object detection},
  author={Zhang, Hao and Li, Feng and Liu, Shilong and Zhang, Lei and Su, Hang and Zhu, Jun and Ni, Lionel M and Shum, Heung-Yeung},
  journal={arXiv preprint arXiv:2203.03605},
  year={2022}
}





@book{ abelson-et-al:scheme,
  author = "Harold Abelson and Gerald~Jay Sussman and Julie Sussman",
  title = "Structure and Interpretation of Computer Programs",
  publisher = "MIT Press",
  address = "Cambridge, Massachusetts",
  year = "1985"
}

@inproceedings{ bgf:Lixto,
  author = "Robert Baumgartner and Georg Gottlob and Sergio Flesca",
  title = "Visual Information Extraction with {Lixto}",
  booktitle = "Proceedings of the 27th International Conference on Very Large Databases",
  pages = "119--128",
  publisher = "Morgan Kaufmann",
  address = "Rome, Italy",
  month = "September",
  year = "2001"
}

@article{ brachman-schmolze:kl-one,
  author = "Ronald~J. Brachman and James~G. Schmolze",
  title = "An overview of the {KL-ONE} knowledge representation system",
  journal = "Cognitive Science",
  volume = "9",
  number = "2",
  pages = "171--216",
  month = "April--June",
  year = "1985"
}

@article{ gottlob:nonmon,
  author = "Georg Gottlob",
  title = "Complexity results for nonmonotonic logics",
  journal = "Journal of Logic and Computation",
  volume = "2",
  number = "3",
  pages = "397--425",
  month = "June",
  year = "1992"
}

@article{ gls:hypertrees,
  author = "Georg Gottlob and Nicola Leone and Francesco Scarcello",
  title = "Hypertree Decompositions and Tractable Queries",
  journal = "Journal of Computer and System Sciences",
  volume = "64",
  number = "3",
  pages = "579--627",
  month = "May",
  year = "2002"
}

@article{ levesque:functional-foundations,
  author = "Hector~J. Levesque",
  title = "Foundations of a functional approach to knowledge representation",
  journal = "Artificial Intelligence",
  volume = "23",
  number = "2",
  pages = "155--212",
  month = "July",
  year = "1984"
}

@inproceedings{ levesque:belief,
  author = "Hector~J. Levesque",
  title = "A logic of implicit and explicit belief",
  booktitle = "Proceedings of the Fourth National Conference on Artificial Intelligence",
  publisher = "American Association for Artificial Intelligence",
  pages = "198--202",
  address = "Austin, Texas",
  month = "August",
  year = "1984"
}

@article{ nebel:jair-2000,
  author = "Bernhard Nebel",
  title = "On the compilability and expressive power of propositional planning formalisms",
  journal = "Journal of Artificial Intelligence Research",
  volume = "12",
  pages = "271--315",
  year = "2000"
}

 @misc{proceedings,
  author = {{IJCAI Proceedings}},
  title = {{IJCAI} Camera Ready Submission},
  howpublished = {\url{https://proceedings.ijcai.org/info}},
}

% related works


@InProceedings{pmlr-v139-radford21a,
  title = 	 {Learning Transferable Visual Models From Natural Language Supervision},
  author =       {Radford, Alec and Kim, Jong Wook and Hallacy, Chris and Ramesh, Aditya and Goh, Gabriel and Agarwal, Sandhini and Sastry, Girish and Askell, Amanda and Mishkin, Pamela and Clark, Jack and Krueger, Gretchen and Sutskever, Ilya},
  booktitle = 	 {Proceedings of the 38th International Conference on Machine Learning},
  pages = 	 {8748--8763},
  year = 	 {2021},
  editor = 	 {Meila, Marina and Zhang, Tong},
  volume = 	 {139},
  series = 	 {Proceedings of Machine Learning Research},
  month = 	 {18--24 Jul},
  publisher =    {PMLR},
  pdf = 	 {http://proceedings.mlr.press/v139/radford21a/radford21a.pdf},
  url = 	 {https://proceedings.mlr.press/v139/radford21a.html},
}

@article{gu2021open,
  title={Open-vocabulary object detection via vision and language knowledge distillation},
  author={Gu, Xiuye and Lin, Tsung-Yi and Kuo, Weicheng and Cui, Yin},
  journal={arXiv preprint arXiv:2104.13921},
  year={2021}
}



@inproceedings{zang2022open,
  title={Open-vocabulary detr with conditional matching},
  author={Zang, Yuhang and Li, Wei and Zhou, Kaiyang and Huang, Chen and Loy, Chen Change},
  booktitle={European Conference on Computer Vision},
  pages={106--122},
  year={2022},
  organization={Springer}
}

@inproceedings{carion2020end,
  title={End-to-end object detection with transformers},
  author={Carion, Nicolas and Massa, Francisco and Synnaeve, Gabriel and Usunier, Nicolas and Kirillov, Alexander and Zagoruyko, Sergey},
  booktitle={European conference on computer vision},
  pages={213--229},
  year={2020},
  organization={Springer}
}
@inproceedings{zhong2022regionclip,
  title={Regionclip: Region-based language-image pretraining},
  author={Zhong, Yiwu and Yang, Jianwei and Zhang, Pengchuan and Li, Chunyuan and Codella, Noel and Li, Liunian Harold and Zhou, Luowei and Dai, Xiyang and Yuan, Lu and Li, Yin and others},
  booktitle={Proceedings of the IEEE/CVF conference on computer vision and pattern recognition},
  pages={16793--16803},
  year={2022}
}
@inproceedings{wu2023cora,
  title={Cora: Adapting clip for open-vocabulary detection with region prompting and anchor pre-matching},
  author={Wu, Xiaoshi and Zhu, Feng and Zhao, Rui and Li, Hongsheng},
  booktitle={Proceedings of the IEEE/CVF conference on computer vision and pattern recognition},
  pages={7031--7040},
  year={2023}
}

@inproceedings{li2022grounded,
  title={Grounded language-image pre-training},
  author={Li, Liunian Harold and Zhang, Pengchuan and Zhang, Haotian and Yang, Jianwei and Li, Chunyuan and Zhong, Yiwu and Wang, Lijuan and Yuan, Lu and Zhang, Lei and Hwang, Jenq-Neng and others},
  booktitle={Proceedings of the IEEE/CVF Conference on Computer Vision and Pattern Recognition},
  pages={10965--10975},
  year={2022}
}

@article{ren2024grounding,
  title={Grounding DINO 1.5: Advance the" Edge" of Open-Set Object Detection},
  author={Ren, Tianhe and Jiang, Qing and Liu, Shilong and Zeng, Zhaoyang and Liu, Wenlong and Gao, Han and Huang, Hongjie and Ma, Zhengyu and Jiang, Xiaoke and Chen, Yihao and others},
  journal={arXiv preprint arXiv:2405.10300},
  year={2024}
}

@article{ren2024dino,
  title={DINO-X: A Unified Vision Model for Open-World Object Detection and Understanding},
  author={Ren, Tianhe and Chen, Yihao and Jiang, Qing and Zeng, Zhaoyang and Xiong, Yuda and Liu, Wenlong and Ma, Zhengyu and Shen, Junyi and Gao, Yuan and Jiang, Xiaoke and others},
  journal={arXiv preprint arXiv:2411.14347},
  year={2024}
}

@article{chen2022open,
  title={Open vocabulary object detection with proposal mining and prediction equalization},
  author={Chen, Peixian and Sheng, Kekai and Zhang, Mengdan and Lin, Mingbao and Shen, Yunhang and Lin, Shaohui and Ren, Bo and Li, Ke},
  journal={arXiv preprint arXiv:2206.11134},
  year={2022}
}
@inproceedings{zhao2022exploiting,
  title={Exploiting unlabeled data with vision and language models for object detection},
  author={Zhao, Shiyu and Zhang, Zhixing and Schulter, Samuel and Zhao, Long and Vijay Kumar, BG and Stathopoulos, Anastasis and Chandraker, Manmohan and Metaxas, Dimitris N},
  booktitle={European conference on computer vision},
  pages={159--175},
  year={2022},
  organization={Springer}
}
@article{zhou2022learning,
  title={Learning to prompt for vision-language models},
  author={Zhou, Kaiyang and Yang, Jingkang and Loy, Chen Change and Liu, Ziwei},
  journal={International Journal of Computer Vision},
  volume={130},
  number={9},
  pages={2337--2348},
  year={2022},
  publisher={Springer}
}

@inproceedings{du2022learning,
  title={Learning to prompt for open-vocabulary object detection with vision-language model},
  author={Du, Yu and Wei, Fangyun and Zhang, Zihe and Shi, Miaojing and Gao, Yue and Li, Guoqi},
  booktitle={Proceedings of the IEEE/CVF Conference on Computer Vision and Pattern Recognition},
  pages={14084--14093},
  year={2022}
}
@article{chen2024taskclip,
  title={Taskclip: Extend large vision-language model for task oriented object detection},
  author={Chen, Hanning and Huang, Wenjun and Ni, Yang and Yun, Sanggeon and Liu, Yezi and Wen, Fei and Velasquez, Alvaro and Latapie, Hugo and Imani, Mohsen},
  journal={arXiv preprint arXiv:2403.08108},
  year={2024}
}




