@inproceedings{song2023consistency,
  title={Consistency Models},
  author={Song, Yang and Dhariwal, Prafulla and Chen, Mark and Sutskever, Ilya},
  booktitle={International Conference on Machine Learning},
  pages={32211--32252},
  year={2023},
  organization={PMLR}
}

@inproceedings{songimproved,
  title={Improved Techniques for Training Consistency Models},
  author={Song, Yang and Dhariwal, Prafulla},
  booktitle={The Twelfth International Conference on Learning Representations},
  year={2024}
}

@article{daras2024consistent,
  title={Consistent diffusion models: Mitigating sampling drift by learning to be consistent},
  author={Daras, Giannis and Dagan, Yuval and Dimakis, Alex and Daskalakis, Constantinos},
  journal={Advances in Neural Information Processing Systems},
  volume={36},
  year={2024}
}

@inproceedings{lipmanflow,
  title={Flow Matching for Generative Modeling},
  author={Lipman, Yaron and Chen, Ricky TQ and Ben-Hamu, Heli and Nickel, Maximilian and Le, Matthew},
  booktitle={The Eleventh International Conference on Learning Representations},
  year={2023}
}

@inproceedings{pooladian2023multisample,
  title={Multisample flow matching: straightening flows with minibatch couplings},
  author={Pooladian, Aram-Alexandre and Ben-Hamu, Heli and Domingo-Enrich, Carles and Amos, Brandon and Lipman, Yaron and Chen, Ricky TQ},
  booktitle={Proceedings of the 40th International Conference on Machine Learning},
  pages={28100--28127},
  year={2023}
}

@article{tong2023conditional,
  title={Conditional flow matching: Simulation-free dynamic optimal transport},
  author={Tong, Alexander and Malkin, Nikolay and Huguet, Guillaume and Zhang, Yanlei and Rector-Brooks, Jarrid and Fatras, Kilian and Wolf, Guy and Bengio, Yoshua},
  journal={arXiv preprint arXiv:2302.00482},
  volume={2},
  number={3},
  year={2023}
}

@inproceedings{liuflow,
  title={Flow Straight and Fast: Learning to Generate and Transfer Data with Rectified Flow},
  author={Liu, Xingchao and Gong, Chengyue and others},
  booktitle={The Eleventh International Conference on Learning Representations},
  year={2023}
}

@inproceedings{albergo2023building,
  title={Building Normalizing Flows with Stochastic Interpolants},
  author={Albergo, Michael and Vanden-Eijnden, Eric},
  booktitle={ICLR 2023 Conference},
  year={2023}
}

@inproceedings{lee2023minimizing,
  title={Minimizing trajectory curvature of ode-based generative models},
  author={Lee, Sangyun and Kim, Beomsu and Ye, Jong Chul},
  booktitle={International Conference on Machine Learning},
  pages={18957--18973},
  year={2023},
  organization={PMLR}
}

@article{issenhuth2024improving,
  title={Improving Consistency Models with Generator-Induced Coupling},
  author={Issenhuth, Thibaut and Santos, Ludovic Dos and Franceschi, Jean-Yves and Rakotomamonjy, Alain},
  journal={arXiv preprint arXiv:2406.09570},
  year={2024}
}

@article{douunified,
  title={A Unified Framework for Consistency Generative Modeling},
  author={Dou, Hongkun and Lu, Junzhe and Du, Jinyang and Fu, Chengwei and Yao, Wen and qian Chen, Xiao and Deng, Yue},
  year={2024}
}

@article{geng2024consistency,
  title={Consistency Models Made Easy},
  author={Geng, Zhengyang and Pokle, Ashwini and Luo, William and Lin, Justin and Kolter, J Zico},
  journal={arXiv preprint arXiv:2406.14548},
  year={2024}
}

@inproceedings{lee2024stabilizing,
  title={Stabilizing the Training of Consistency Models with Score Guidance},
  author={Lee, Jeongjun and Park, Jonggeon and Yoon, Jongmin and Lee, Juho},
  booktitle={ICML 2024 Workshop on Structured Probabilistic Inference $\{$$\backslash$\&$\}$ Generative Modeling},
  year={2024}
}

@inproceedings{bartoshneural,
  title={Neural Diffusion Models},
  author={Bartosh, Grigory and Vetrov, Dmitry and Naesseth, Christian A},
  booktitle={Forty-first International Conference on Machine Learning},
  year={2024}
}

@article{bartosh2024neural,
  title={Neural Flow Diffusion Models: Learnable Forward Process for Improved Diffusion Modelling},
  author={Bartosh, Grigory and Vetrov, Dmitry and Naesseth, Christian A},
  journal={arXiv preprint arXiv:2404.12940},
  year={2024}
}

@article{yang2024consistency,
  title={Consistency Flow Matching: Defining Straight Flows with Velocity Consistency},
  author={Yang, Ling and Zhang, Zixiang and Zhang, Zhilong and Liu, Xingchao and Xu, Minkai and Zhang, Wentao and Meng, Chenlin and Ermon, Stefano and Cui, Bin},
  journal={arXiv preprint arXiv:2407.02398},
  year={2024}
}

@inproceedings{liu2023flow,
  title={Flow Straight and Fast: Learning to Generate and Transfer Data with Rectified Flow},
  author={Liu, Xingchao and Gong, Chengyue and Liu, Qiang},
  booktitle={The Eleventh International Conference on Learning Representations (ICLR)},
  year={2023}
}

@article{karras2022elucidating,
  title={Elucidating the design space of diffusion-based generative models},
  author={Karras, Tero and Aittala, Miika and Aila, Timo and Laine, Samuli},
  journal={Advances in neural information processing systems},
  volume={35},
  pages={26565--26577},
  year={2022}
}

@article{lee2024truncated,
  title={Truncated Consistency Models},
  author={Lee, Sangyun and Xu, Yilun and Geffner, Tomas and Fanti, Giulia and Kreis, Karsten and Vahdat, Arash and Nie, Weili},
  journal={arXiv preprint arXiv:2410.14895},
  year={2024}
}

@article{frans2024one,
  title={One Step Diffusion via Shortcut Models},
  author={Frans, Kevin and Hafner, Danijar and Levine, Sergey and Abbeel, Pieter},
  journal={arXiv preprint arXiv:2410.12557},
  year={2024}
}

@article{lu2024simplifying,
  title={Simplifying, Stabilizing and Scaling Continuous-Time Consistency Models},
  author={Lu, Cheng and Song, Yang},
  journal={arXiv preprint arXiv:2410.11081},
  year={2024}
}

@article{kim2024simple,
  title={Simple ReFlow: Improved Techniques for Fast Flow Models},
  author={Kim, Beomsu and Hsieh, Yu-Guan and Klein, Michal and Cuturi, Marco and Ye, Jong Chul and Kawar, Bahjat and Thornton, James},
  journal={arXiv preprint arXiv:2410.07815},
  year={2024}
}

@inproceedings{sohl2015deep,
  title={Deep unsupervised learning using nonequilibrium thermodynamics},
  author={Sohl-Dickstein, Jascha and Weiss, Eric and Maheswaranathan, Niru and Ganguli, Surya},
  booktitle={International conference on machine learning},
  pages={2256--2265},
  year={2015},
  organization={PMLR}
}

@article{ho2020denoising,
  title={Denoising diffusion probabilistic models},
  author={Ho, Jonathan and Jain, Ajay and Abbeel, Pieter},
  journal={Advances in neural information processing systems},
  volume={33},
  pages={6840--6851},
  year={2020}
}

@inproceedings{songscore,
  title={Score-Based Generative Modeling through Stochastic Differential Equations},
  author={Song, Yang and Sohl-Dickstein, Jascha and Kingma, Diederik P and Kumar, Abhishek and Ermon, Stefano and Poole, Ben},
  booktitle={International Conference on Learning Representations},
  year={2021}
}

@article{anderson1982reverse,
  title={Reverse-time diffusion equation models},
  author={Anderson, Brian DO},
  journal={Stochastic Processes and their Applications},
  volume={12},
  number={3},
  pages={313--326},
  year={1982},
  publisher={Elsevier}
}

@article{hyvarinen2005estimation,
  title={Estimation of non-normalized statistical models by score matching.},
  author={Hyv{\"a}rinen, Aapo and Dayan, Peter},
  journal={Journal of Machine Learning Research},
  volume={6},
  number={4},
  year={2005}
}

@inproceedings{grathwohl2018ffjord,
  title={FFJORD: Free-Form Continuous Dynamics for Scalable Reversible Generative Models},
  author={Grathwohl, Will and Chen, Ricky TQ and Bettencourt, Jesse and Sutskever, Ilya and Duvenaud, David},
  booktitle={International Conference on Learning Representations},
  year={2018}
}

@article{kingma2013auto,
  title={Auto-encoding variational bayes},
  author={Kingma, Diederik P},
  journal={International Conference on Learning Representations},
  year={2013}
}

@article{goodfellow2014generative,
  title={Generative adversarial nets},
  author={Goodfellow, Ian and Pouget-Abadie, Jean and Mirza, Mehdi and Xu, Bing and Warde-Farley, David and Ozair, Sherjil and Courville, Aaron and Bengio, Yoshua},
  journal={Advances in neural information processing systems},
  volume={27},
  year={2014}
}

@article{chen2018neural,
  title={Neural ordinary differential equations},
  author={Chen, Ricky TQ and Rubanova, Yulia and Bettencourt, Jesse and Duvenaud, David K},
  journal={Advances in neural information processing systems},
  volume={31},
  year={2018}
}
@inproceedings{rezende2014stochastic,
  title={Stochastic backpropagation and approximate inference in deep generative models},
  author={Rezende, Danilo Jimenez and Mohamed, Shakir and Wierstra, Daan},
  booktitle={International conference on machine learning},
  pages={1278--1286},
  year={2014},
  organization={PMLR}
}

@article{papamakarios2021normalizing,
  title={Normalizing flows for probabilistic modeling and inference},
  author={Papamakarios, George and Nalisnick, Eric and Rezende, Danilo Jimenez and Mohamed, Shakir and Lakshminarayanan, Balaji},
  journal={Journal of Machine Learning Research},
  volume={22},
  number={57},
  pages={1--64},
  year={2021}
}

@article{kobyzev2020normalizing,
  title={Normalizing flows: An introduction and review of current methods},
  author={Kobyzev, Ivan and Prince, Simon JD and Brubaker, Marcus A},
  journal={IEEE transactions on pattern analysis and machine intelligence},
  volume={43},
  number={11},
  pages={3964--3979},
  year={2020},
  publisher={IEEE}
}

@article{krizhevsky2009learning,
  title={Learning multiple layers of features from tiny images},
  author={Krizhevsky, Alex and Hinton, Geoffrey and others},
  year={2009},
  publisher={Toronto, ON, Canada}
}

@inproceedings{deng2009imagenet,
  title={Imagenet: A large-scale hierarchical image database},
  author={Deng, Jia and Dong, Wei and Socher, Richard and Li, Li-Jia and Li, Kai and Fei-Fei, Li},
  booktitle={2009 IEEE conference on computer vision and pattern recognition},
  pages={248--255},
  year={2009},
  organization={Ieee}
}

@inproceedings{higgins2022beta,
  title={beta-VAE: Learning Basic Visual Concepts with a Constrained Variational Framework},
  author={Higgins, Irina and Matthey, Loic and Pal, Arka and Burgess, Christopher and Glorot, Xavier and Botvinick, Matthew and Mohamed, Shakir and Lerchner, Alexander},
  booktitle={International Conference on Learning Representations},
  year={2022}
}

@article{heusel2017gans,
  title={Gans trained by a two time-scale update rule converge to a local nash equilibrium},
  author={Heusel, Martin and Ramsauer, Hubert and Unterthiner, Thomas and Nessler, Bernhard and Hochreiter, Sepp},
  journal={Advances in neural information processing systems},
  volume={30},
  year={2017}
}

@article{wang2024stable,
  title={Stable Consistency Tuning: Understanding and Improving Consistency Models},
  author={Wang, Fu-Yun and Geng, Zhengyang and Li, Hongsheng},
  journal={arXiv preprint arXiv:2410.18958},
  year={2024}
}

@article{sutton2018reinforcement,
  title={Reinforcement learning: An introduction},
  author={Sutton, Richard S},
  journal={A Bradford Book},
  year={2018}
}

@inproceedings{kimconsistency,
  title={Consistency Trajectory Models: Learning Probability Flow ODE Trajectory of Diffusion},
  author={Kim, Dongjun and Lai, Chieh-Hsin and Liao, Wei-Hsiang and Murata, Naoki and Takida, Yuhta and Uesaka, Toshimitsu and He, Yutong and Mitsufuji, Yuki and Ermon, Stefano},
  booktitle={The Twelfth International Conference on Learning Representations},
  year={2024}
}

@article{heek2024multistep,
  title={Multistep consistency models},
  author={Heek, Jonathan and Hoogeboom, Emiel and Salimans, Tim},
  journal={arXiv preprint arXiv:2403.06807},
  year={2024}
}

@inproceedings{albergostochastic,
  title={Stochastic Interpolants with Data-Dependent Couplings},
  author={Albergo, Michael Samuel and Goldstein, Mark and Boffi, Nicholas Matthew and Ranganath, Rajesh and Vanden-Eijnden, Eric},
  booktitle={Forty-first International Conference on Machine Learning},
  year={2024}
}

@inproceedings{songdenoising,
  title={Denoising Diffusion Implicit Models},
  author={Song, Jiaming and Meng, Chenlin and Ermon, Stefano},
  booktitle={International Conference on Learning Representations},
  year={2021}
}

@inproceedings{liupseudo,
  title={Pseudo Numerical Methods for Diffusion Models on Manifolds},
  author={Liu, Luping and Ren, Yi and Lin, Zhijie and Zhao, Zhou},
  booktitle={International Conference on Learning Representations},
  year={2022}
}

@inproceedings{salimansprogressive,
  title={Progressive Distillation for Fast Sampling of Diffusion Models},
  author={Salimans, Tim and Ho, Jonathan},
  booktitle={International Conference on Learning Representations},
  year={2022}
}

@article{lu2022dpm,
  title={Dpm-solver: A fast ode solver for diffusion probabilistic model sampling in around 10 steps},
  author={Lu, Cheng and Zhou, Yuhao and Bao, Fan and Chen, Jianfei and Li, Chongxuan and Zhu, Jun},
  journal={Advances in Neural Information Processing Systems},
  volume={35},
  pages={5775--5787},
  year={2022}
}

@article{jolicoeur2021gotta,
  title={Gotta go fast when generating data with score-based models},
  author={Jolicoeur-Martineau, Alexia and Li, Ke and Pich{\'e}-Taillefer, R{\'e}mi and Kachman, Tal and Mitliagkas, Ioannis},
  journal={arXiv preprint arXiv:2105.14080},
  year={2021}
}

@article{dhariwal2021diffusion,
  title={Diffusion models beat gans on image synthesis},
  author={Dhariwal, Prafulla and Nichol, Alexander},
  journal={Advances in neural information processing systems},
  volume={34},
  pages={8780--8794},
  year={2021}
}

@inproceedings{rombach2022high,
  title={High-resolution image synthesis with latent diffusion models},
  author={Rombach, Robin and Blattmann, Andreas and Lorenz, Dominik and Esser, Patrick and Ommer, Bj{\"o}rn},
  booktitle={Proceedings of the IEEE/CVF conference on computer vision and pattern recognition},
  pages={10684--10695},
  year={2022}
}

@inproceedings{karras2024analyzing,
  title={Analyzing and improving the training dynamics of diffusion models},
  author={Karras, Tero and Aittala, Miika and Lehtinen, Jaakko and Hellsten, Janne and Aila, Timo and Laine, Samuli},
  booktitle={Proceedings of the IEEE/CVF Conference on Computer Vision and Pattern Recognition},
  pages={24174--24184},
  year={2024}
}

@article{ho2022video,
  title={Video diffusion models},
  author={Ho, Jonathan and Salimans, Tim and Gritsenko, Alexey and Chan, William and Norouzi, Mohammad and Fleet, David J},
  journal={Advances in Neural Information Processing Systems},
  volume={35},
  pages={8633--8646},
  year={2022}
}

@inproceedings{kongdiffwave,
  title={DiffWave: A Versatile Diffusion Model for Audio Synthesis},
  author={Kong, Zhifeng and Ping, Wei and Huang, Jiaji and Zhao, Kexin and Catanzaro, Bryan},
  booktitle={International Conference on Learning Representations},
  year={2021}
}

@online{xiao2017/online,
  author       = {Han Xiao and Kashif Rasul and Roland Vollgraf},
  title        = {Fashion-MNIST: a Novel Image Dataset for Benchmarking Machine Learning Algorithms},
  date         = {2017-08-28},
  year         = {2017},
  eprintclass  = {cs.LG},
  eprinttype   = {arXiv},
  eprint       = {cs.LG/1708.07747},
}

@article{karras2019style,
  title={A Style-Based Generator Architecture for Generative Adversarial Networks},
  author={Karras, Tero},
  journal={arXiv preprint arXiv:1812.04948},
  year={2019}
}

% Added by Yuhta
@inproceedings{hoffman2016elbo,
  title={Elbo surgery: yet another way to carve up the variational evidence lower bound},
  author={Hoffman, Matthew D and Johnson, Matthew J},
  booktitle={Workshop in Advances in Approximate Bayesian Inference, NIPS},
  volume={1},
  number={2},
  year={2016}
}

% Added by Yuhta
@article{rosca2018distribution,
  title={Distribution matching in variational inference},
  author={Rosca, Mihaela and Lakshminarayanan, Balaji and Mohamed, Shakir},
  journal={arXiv preprint arXiv:1802.06847},
  year={2018}
}

% Added by Yuhta
@inproceedings{aneja2021contrastive,
  title={A contrastive learning approach for training variational autoencoder priors},
  author={Aneja, Jyoti and Schwing, Alex and Kautz, Jan and Vahdat, Arash},
  booktitle={Advances in neural information processing systems},
  volume={34},
  pages={480--493},
  year={2021}
}

% Added by Yuhta
@article{takida2022preventing,
  title={Preventing oversmoothing in VAE via generalized variance parameterization},
  author={Takida, Yuhta and Liao, Wei-Hsiang and Lai, Chieh-Hsin and Uesaka, Toshimitsu and Takahashi, Shusuke and Mitsufuji, Yuki},
  journal={Neurocomputing},
  volume={509},
  pages={137--156},
  year={2022}
}

@inproceedings{cornish2020relaxing,
  title={Relaxing bijectivity constraints with continuously indexed normalising flows},
  author={Cornish, Rob and Caterini, Anthony and Deligiannidis, George and Doucet, Arnaud},
  booktitle={International Conference on Machine Learning},
  pages={2133--2143},
  year={2020}
}