@inproceedings{albergostochastic,
  title={Stochastic Interpolants with Data-Dependent Couplings},
  author={Albergo, Michael Samuel and Goldstein, Mark and Boffi, Nicholas Matthew and Ranganath, Rajesh and Vanden-Eijnden, Eric},
  booktitle={Forty-first International Conference on Machine Learning},
  year={2024}
}

@article{douunified,
  title={A Unified Framework for Consistency Generative Modeling},
  author={Dou, Hongkun and Lu, Junzhe and Du, Jinyang and Fu, Chengwei and Yao, Wen and qian Chen, Xiao and Deng, Yue},
  year={2024}
}

@article{geng2024consistency,
  title={Consistency Models Made Easy},
  author={Geng, Zhengyang and Pokle, Ashwini and Luo, William and Lin, Justin and Kolter, J Zico},
  journal={arXiv preprint arXiv:2406.14548},
  year={2024}
}

@article{heek2024multistep,
  title={Multistep consistency models},
  author={Heek, Jonathan and Hoogeboom, Emiel and Salimans, Tim},
  journal={arXiv preprint arXiv:2403.06807},
  year={2024}
}

@article{issenhuth2024improving,
  title={Improving Consistency Models with Generator-Induced Coupling},
  author={Issenhuth, Thibaut and Santos, Ludovic Dos and Franceschi, Jean-Yves and Rakotomamonjy, Alain},
  journal={arXiv preprint arXiv:2406.09570},
  year={2024}
}

@article{kim2024simple,
  title={Simple ReFlow: Improved Techniques for Fast Flow Models},
  author={Kim, Beomsu and Hsieh, Yu-Guan and Klein, Michal and Cuturi, Marco and Ye, Jong Chul and Kawar, Bahjat and Thornton, James},
  journal={arXiv preprint arXiv:2410.07815},
  year={2024}
}

@inproceedings{kimconsistency,
  title={Consistency Trajectory Models: Learning Probability Flow ODE Trajectory of Diffusion},
  author={Kim, Dongjun and Lai, Chieh-Hsin and Liao, Wei-Hsiang and Murata, Naoki and Takida, Yuhta and Uesaka, Toshimitsu and He, Yutong and Mitsufuji, Yuki and Ermon, Stefano},
  booktitle={The Twelfth International Conference on Learning Representations},
  year={2024}
}

@inproceedings{lee2023minimizing,
  title={Minimizing trajectory curvature of ode-based generative models},
  author={Lee, Sangyun and Kim, Beomsu and Ye, Jong Chul},
  booktitle={International Conference on Machine Learning},
  pages={18957--18973},
  year={2023},
  organization={PMLR}
}

@inproceedings{lee2024stabilizing,
  title={Stabilizing the Training of Consistency Models with Score Guidance},
  author={Lee, Jeongjun and Park, Jonggeon and Yoon, Jongmin and Lee, Juho},
  booktitle={ICML 2024 Workshop on Structured Probabilistic Inference $\{$$\backslash$\&$\}$ Generative Modeling},
  year={2024}
}

@article{lee2024truncated,
  title={Truncated Consistency Models},
  author={Lee, Sangyun and Xu, Yilun and Geffner, Tomas and Fanti, Giulia and Kreis, Karsten and Vahdat, Arash and Nie, Weili},
  journal={arXiv preprint arXiv:2410.14895},
  year={2024}
}

@inproceedings{liu2023flow,
  title={Flow Straight and Fast: Learning to Generate and Transfer Data with Rectified Flow},
  author={Liu, Xingchao and Gong, Chengyue and Liu, Qiang},
  booktitle={The Eleventh International Conference on Learning Representations (ICLR)},
  year={2023}
}

@article{lu2024simplifying,
  title={Simplifying, Stabilizing and Scaling Continuous-Time Consistency Models},
  author={Lu, Cheng and Song, Yang},
  journal={arXiv preprint arXiv:2410.11081},
  year={2024}
}

@inproceedings{pooladian2023multisample,
  title={Multisample flow matching: straightening flows with minibatch couplings},
  author={Pooladian, Aram-Alexandre and Ben-Hamu, Heli and Domingo-Enrich, Carles and Amos, Brandon and Lipman, Yaron and Chen, Ricky TQ},
  booktitle={Proceedings of the 40th International Conference on Machine Learning},
  pages={28100--28127},
  year={2023}
}

@inproceedings{song2023consistency,
  title={Consistency Models},
  author={Song, Yang and Dhariwal, Prafulla and Chen, Mark and Sutskever, Ilya},
  booktitle={International Conference on Machine Learning},
  pages={32211--32252},
  year={2023},
  organization={PMLR}
}

@inproceedings{songimproved,
  title={Improved Techniques for Training Consistency Models},
  author={Song, Yang and Dhariwal, Prafulla},
  booktitle={The Twelfth International Conference on Learning Representations},
  year={2024}
}

@article{sutton2018reinforcement,
  title={Reinforcement learning: An introduction},
  author={Sutton, Richard S},
  journal={A Bradford Book},
  year={2018}
}

@article{tong2023conditional,
  title={Conditional flow matching: Simulation-free dynamic optimal transport},
  author={Tong, Alexander and Malkin, Nikolay and Huguet, Guillaume and Zhang, Yanlei and Rector-Brooks, Jarrid and Fatras, Kilian and Wolf, Guy and Bengio, Yoshua},
  journal={arXiv preprint arXiv:2302.00482},
  volume={2},
  number={3},
  year={2023}
}

@article{wang2024stable,
  title={Stable Consistency Tuning: Understanding and Improving Consistency Models},
  author={Wang, Fu-Yun and Geng, Zhengyang and Li, Hongsheng},
  journal={arXiv preprint arXiv:2410.18958},
  year={2024}
}

@article{yang2024consistency,
  title={Consistency Flow Matching: Defining Straight Flows with Velocity Consistency},
  author={Yang, Ling and Zhang, Zixiang and Zhang, Zhilong and Liu, Xingchao and Xu, Minkai and Zhang, Wentao and Meng, Chenlin and Ermon, Stefano and Cui, Bin},
  journal={arXiv preprint arXiv:2407.02398},
  year={2024}
}

