@article{bao2021beit,
  title={Beit: Bert pre-training of image transformers},
  author={Bao, Hangbo and Dong, Li and Piao, Songhao and Wei, Furu},
  journal={arXiv preprint arXiv:2106.08254},
  year={2021}
}

@inproceedings{caron2021emerging,
  title={Emerging properties in self-supervised vision transformers},
  author={Caron, Mathilde and Touvron, Hugo and Misra, Ishan and J{\'e}gou, Herv{\'e} and Mairal, Julien and Bojanowski, Piotr and Joulin, Armand},
  booktitle={Proceedings of the IEEE/CVF international conference on computer vision},
  pages={9650--9660},
  year={2021}
}

@inproceedings{chen2020simple,
  title={A simple framework for contrastive learning of visual representations},
  author={Chen, Ting and Kornblith, Simon and Norouzi, Mohammad and Hinton, Geoffrey},
  booktitle={International conference on machine learning},
  pages={1597--1607},
  year={2020},
  organization={PMLR}
}

@inproceedings{chen2021empirical,
  title={An empirical study of training self-supervised vision transformers},
  author={Chen, Xinlei and Xie, Saining and He, Kaiming},
  booktitle={Proceedings of the IEEE/CVF international conference on computer vision},
  pages={9640--9649},
  year={2021}
}

@inproceedings{chen2021exploring,
  title={Exploring simple siamese representation learning},
  author={Chen, Xinlei and He, Kaiming},
  booktitle={Proceedings of the IEEE/CVF conference on computer vision and pattern recognition},
  pages={15750--15758},
  year={2021}
}

@article{chen2024chexagent,
  title={Chexagent: Towards a foundation model for chest x-ray interpretation},
  author={Chen, Zhihong and Varma, Maya and Delbrouck, Jean-Benoit and Paschali, Magdalini and Blankemeier, Louis and Van Veen, Dave and Valanarasu, Jeya Maria Jose and Youssef, Alaa and Cohen, Joseph Paul and Reis, Eduardo Pontes and others},
  journal={arXiv preprint arXiv:2401.12208},
  year={2024}
}

@article{chen2024towards,
  title={Towards a general-purpose foundation model for computational pathology},
  author={Chen, Richard J and Ding, Tong and Lu, Ming Y and Williamson, Drew FK and Jaume, Guillaume and Song, Andrew H and Chen, Bowen and Zhang, Andrew and Shao, Daniel and Shaban, Muhammad and others},
  journal={Nature Medicine},
  volume={30},
  number={3},
  pages={850--862},
  year={2024},
  publisher={Nature Publishing Group US New York}
}

@article{eslami2021does,
  title={Does clip benefit visual question answering in the medical domain as much as it does in the general domain?},
  author={Eslami, Sedigheh and de Melo, Gerard and Meinel, Christoph},
  journal={arXiv preprint arXiv:2112.13906},
  year={2021}
}

@article{grill2020bootstrap,
  title={Bootstrap your own latent-a new approach to self-supervised learning},
  author={Grill, Jean-Bastien and Strub, Florian and Altch{\'e}, Florent and Tallec, Corentin and Richemond, Pierre and Buchatskaya, Elena and Doersch, Carl and Avila Pires, Bernardo and Guo, Zhaohan and Gheshlaghi Azar, Mohammad and others},
  journal={Advances in neural information processing systems},
  volume={33},
  pages={21271--21284},
  year={2020}
}

@inproceedings{he2022masked,
  title={Masked autoencoders are scalable vision learners},
  author={He, Kaiming and Chen, Xinlei and Xie, Saining and Li, Yanghao and Doll{\'a}r, Piotr and Girshick, Ross},
  booktitle={Proceedings of the IEEE/CVF conference on computer vision and pattern recognition},
  pages={16000--16009},
  year={2022}
}

@article{huang2023visual,
  title={A visual--language foundation model for pathology image analysis using medical twitter},
  author={Huang, Zhi and Bianchi, Federico and Yuksekgonul, Mert and Montine, Thomas J and Zou, James},
  journal={Nature medicine},
  volume={29},
  number={9},
  pages={2307--2316},
  year={2023},
  publisher={Nature Publishing Group US New York}
}

@article{li2024llava,
  title={Llava-med: Training a large language-and-vision assistant for biomedicine in one day},
  author={Li, Chunyuan and Wong, Cliff and Zhang, Sheng and Usuyama, Naoto and Liu, Haotian and Yang, Jianwei and Naumann, Tristan and Poon, Hoifung and Gao, Jianfeng},
  journal={Advances in Neural Information Processing Systems},
  volume={36},
  year={2024}
}

@article{lu2024visual,
  title={A visual-language foundation model for computational pathology},
  author={Lu, Ming Y and Chen, Bowen and Williamson, Drew FK and Chen, Richard J and Liang, Ivy and Ding, Tong and Jaume, Guillaume and Odintsov, Igor and Le, Long Phi and Gerber, Georg and others},
  journal={Nature Medicine},
  volume={30},
  number={3},
  pages={863--874},
  year={2024},
  publisher={Nature Publishing Group US New York}
}

@article{oquab2023dinov2,
  title={Dinov2: Learning robust visual features without supervision},
  author={Oquab, Maxime and Darcet, Timoth{\'e}e and Moutakanni, Th{\'e}o and Vo, Huy and Szafraniec, Marc and Khalidov, Vasil and Fernandez, Pierre and Haziza, Daniel and Massa, Francisco and El-Nouby, Alaaeldin and others},
  journal={arXiv preprint arXiv:2304.07193},
  year={2023}
}

@article{perez2024rad,
  title={RAD-DINO: Exploring Scalable Medical Image Encoders Beyond Text Supervision},
  author={P{\'e}rez-Garc{\'\i}a, Fernando and Sharma, Harshita and Bond-Taylor, Sam and Bouzid, Kenza and Salvatelli, Valentina and Ilse, Maximilian and Bannur, Shruthi and Castro, Daniel C and Schwaighofer, Anton and Lungren, Matthew P and others},
  journal={arXiv preprint arXiv:2401.10815},
  year={2024}
}

@article{tiu2022expert,
  title={Expert-level detection of pathologies from unannotated chest X-ray images via self-supervised learning},
  author={Tiu, Ekin and Talius, Ellie and Patel, Pujan and Langlotz, Curtis P and Ng, Andrew Y and Rajpurkar, Pranav},
  journal={Nature Biomedical Engineering},
  volume={6},
  number={12},
  pages={1399--1406},
  year={2022},
  publisher={Nature Publishing Group UK London}
}

@article{yang2024advancing,
  title={Advancing multimodal medical capabilities of Gemini},
  author={Yang, Lin and Xu, Shawn and Sellergren, Andrew and Kohlberger, Timo and Zhou, Yuchen and Ktena, Ira and Kiraly, Atilla and Ahmed, Faruk and Hormozdiari, Farhad and Jaroensri, Tiam and others},
  journal={arXiv preprint arXiv:2405.03162},
  year={2024}
}

@article{yao2024eva,
  title={EVA-X: A Foundation Model for General Chest X-ray Analysis with Self-supervised Learning},
  author={Yao, Jingfeng and Wang, Xinggang and Song, Yuehao and Zhao, Huangxuan and Ma, Jun and Chen, Yajie and Liu, Wenyu and Wang, Bo},
  journal={arXiv preprint arXiv:2405.05237},
  year={2024}
}

@article{zhang2023biomedclip,
  title={BiomedCLIP: a multimodal biomedical foundation model pretrained from fifteen million scientific image-text pairs},
  author={Zhang, Sheng and Xu, Yanbo and Usuyama, Naoto and Xu, Hanwen and Bagga, Jaspreet and Tinn, Robert and Preston, Sam and Rao, Rajesh and Wei, Mu and Valluri, Naveen and others},
  journal={arXiv preprint arXiv:2303.00915},
  year={2023}
}

@article{zhou2021ibot,
  title={ibot: Image bert pre-training with online tokenizer},
  author={Zhou, Jinghao and Wei, Chen and Wang, Huiyu and Shen, Wei and Xie, Cihang and Yuille, Alan and Kong, Tao},
  journal={arXiv preprint arXiv:2111.07832},
  year={2021}
}

