@article{raoof2012interpretation,
  title={Interpretation of plain chest roentgenogram},
  author={Raoof, Suhail and Feigin, David and Sung, Arthur and Raoof, Sabiha and Irugulpati, Lavanya and Rosenow III, Edward C},
  journal={Chest},
  volume={141},
  number={2},
  pages={545--558},
  year={2012},
  publisher={Elsevier}
}

@article{Weiss24-CVD-CXR,
title = {Deep Learning to Estimate Cardiovascular Risk From Chest Radiographs},
author = {Jakob Weiss and Vineet K. Raghu and Kaavya Paruchuri and Aniket Zinzuwadia and Pradeep Natarajan and Hugo JWL Aerts and Michael T. Lu},
journal = {Annals of Internal Medicine},
volume = {177},
number = {4},
pages = {409-417},
year = {2024},
}

@article{weiss2023deep,
  title={Deep learning to estimate lung disease mortality from chest radiographs},
  author={Weiss, Jakob and Raghu, Vineet K and Bontempi, Dennis and Christiani, David C and Mak, Raymond H and Lu, Michael T and Aerts, Hugo JWL},
  journal={Nature Communications},
  volume={14},
  number={1},
  pages={2797},
  year={2023},
  publisher={Nature Publishing Group UK London}
}

@article{pyrros2023opportunistic,
  title={Opportunistic detection of type 2 diabetes using deep learning from frontal chest radiographs},
  author={Pyrros, Ayis and Borstelmann, Stephen M and Mantravadi, Ramana and Zaiman, Zachary and Thomas, Kaesha and Price, Brandon and Greenstein, Eugene and Siddiqui, Nasir and Willis, Melinda and Shulhan, Ihar and others},
  journal={Nature communications},
  volume={14},
  number={1},
  pages={4039},
  year={2023},
  publisher={Nature Publishing Group UK London}
}

@article{kamel2021prediction,
  title={Prediction of coronary artery calcium and cardiovascular risk on chest radiographs using deep learning},
  author={Kamel, Peter I and Yi, Paul H and Sair, Haris I and Lin, Cheng Ting},
  journal={Radiology: Cardiothoracic Imaging},
  volume={3},
  number={3},
  pages={e200486},
  year={2021},
  publisher={Radiological Society of North America}
}

@article{ueda2023artificial,
  title={Artificial intelligence-based model to classify cardiac functions from chest radiographs: a multi-institutional, retrospective model development and validation study},
  author={Ueda, Daiju and Matsumoto, Toshimasa and Ehara, Shoichi and Yamamoto, Akira and Walston, Shannon L and Ito, Asahiro and Shimono, Taro and Shiba, Masatsugu and Takeshita, Tohru and Fukuda, Daiju and others},
  journal={The Lancet Digital Health},
  volume={5},
  number={8},
  pages={e525--e533},
  year={2023},
  publisher={Elsevier}
}

@inproceedings{chen2021empirical,
  title={An empirical study of training self-supervised vision transformers},
  author={Chen, Xinlei and Xie, Saining and He, Kaiming},
  booktitle={Proceedings of the IEEE/CVF international conference on computer vision},
  pages={9640--9649},
  year={2021}
}

@inproceedings{he2022masked,
  title={Masked autoencoders are scalable vision learners},
  author={He, Kaiming and Chen, Xinlei and Xie, Saining and Li, Yanghao and Doll{\'a}r, Piotr and Girshick, Ross},
  booktitle={Proceedings of the IEEE/CVF conference on computer vision and pattern recognition},
  pages={16000--16009},
  year={2022}
}

@inproceedings{caron2021emerging,
  title={Emerging properties in self-supervised vision transformers},
  author={Caron, Mathilde and Touvron, Hugo and Misra, Ishan and J{\'e}gou, Herv{\'e} and Mairal, Julien and Bojanowski, Piotr and Joulin, Armand},
  booktitle={Proceedings of the IEEE/CVF international conference on computer vision},
  pages={9650--9660},
  year={2021}
}

@article{zhou2021ibot,
  title={ibot: Image bert pre-training with online tokenizer},
  author={Zhou, Jinghao and Wei, Chen and Wang, Huiyu and Shen, Wei and Xie, Cihang and Yuille, Alan and Kong, Tao},
  journal={arXiv preprint arXiv:2111.07832},
  year={2021}
}

@article{oquab2023dinov2,
  title={Dinov2: Learning robust visual features without supervision},
  author={Oquab, Maxime and Darcet, Timoth{\'e}e and Moutakanni, Th{\'e}o and Vo, Huy and Szafraniec, Marc and Khalidov, Vasil and Fernandez, Pierre and Haziza, Daniel and Massa, Francisco and El-Nouby, Alaaeldin and others},
  journal={arXiv preprint arXiv:2304.07193},
  year={2023}
}

@article{chen2024towards,
  title={Towards a general-purpose foundation model for computational pathology},
  author={Chen, Richard J and Ding, Tong and Lu, Ming Y and Williamson, Drew FK and Jaume, Guillaume and Song, Andrew H and Chen, Bowen and Zhang, Andrew and Shao, Daniel and Shaban, Muhammad and others},
  journal={Nature Medicine},
  volume={30},
  number={3},
  pages={850--862},
  year={2024},
  publisher={Nature Publishing Group US New York}
}

@article{wang2024pathology,
  title={A pathology foundation model for cancer diagnosis and prognosis prediction},
  author={Wang, Xiyue and Zhao, Junhan and Marostica, Eliana and Yuan, Wei and Jin, Jietian and Zhang, Jiayu and Li, Ruijiang and Tang, Hongping and Wang, Kanran and Li, Yu and others},
  journal={Nature},
  pages={1--9},
  year={2024},
  publisher={Nature Publishing Group UK London}
}

@article{perez2024rad,
  title={RAD-DINO: Exploring Scalable Medical Image Encoders Beyond Text Supervision},
  author={P{\'e}rez-Garc{\'\i}a, Fernando and Sharma, Harshita and Bond-Taylor, Sam and Bouzid, Kenza and Salvatelli, Valentina and Ilse, Maximilian and Bannur, Shruthi and Castro, Daniel C and Schwaighofer, Anton and Lungren, Matthew P and others},
  journal={arXiv preprint arXiv:2401.10815},
  year={2024}
}

@article{azizi2023robust,
  title={Robust and data-efficient generalization of self-supervised machine learning for diagnostic imaging},
  author={Azizi, Shekoofeh and Culp, Laura and Freyberg, Jan and Mustafa, Basil and Baur, Sebastien and Kornblith, Simon and Chen, Ting and Tomasev, Nenad and Mitrovi{\'c}, Jovana and Strachan, Patricia and others},
  journal={Nature Biomedical Engineering},
  volume={7},
  number={6},
  pages={756--779},
  year={2023},
  publisher={Nature Publishing Group UK London}
}

@article{tiu2022expert,
  title={Expert-level detection of pathologies from unannotated chest X-ray images via self-supervised learning},
  author={Tiu, Ekin and Talius, Ellie and Patel, Pujan and Langlotz, Curtis P and Ng, Andrew Y and Rajpurkar, Pranav},
  journal={Nature Biomedical Engineering},
  volume={6},
  number={12},
  pages={1399--1406},
  year={2022},
  publisher={Nature Publishing Group UK London}
}

@inproceedings{liu2022convnet,
  title={A convnet for the 2020s},
  author={Liu, Zhuang and Mao, Hanzi and Wu, Chao-Yuan and Feichtenhofer, Christoph and Darrell, Trevor and Xie, Saining},
  booktitle={Proceedings of the IEEE/CVF conference on computer vision and pattern recognition},
  pages={11976--11986},
  year={2022}
}

@inproceedings{irvin2019chexpert,
  title={Chexpert: A large chest radiograph dataset with uncertainty labels and expert comparison},
  author={Irvin, Jeremy and Rajpurkar, Pranav and Ko, Michael and Yu, Yifan and Ciurea-Ilcus, Silviana and Chute, Chris and Marklund, Henrik and Haghgoo, Behzad and Ball, Robyn and Shpanskaya, Katie and others},
  booktitle={Proceedings of the AAAI conference on artificial intelligence},
  volume={33},
  number={01},
  pages={590--597},
  year={2019}
}

@inproceedings{wang2017chestx,
  title={Chestx-ray8: Hospital-scale chest x-ray database and benchmarks on weakly-supervised classification and localization of common thorax diseases},
  author={Wang, Xiaosong and Peng, Yifan and Lu, Le and Lu, Zhiyong and Bagheri, Mohammadhadi and Summers, Ronald M},
  booktitle={Proceedings of the IEEE conference on computer vision and pattern recognition},
  pages={2097--2106},
  year={2017}
}

@article{holste2024towards,
  title={Towards long-tailed, multi-label disease classification from chest X-ray: Overview of the CXR-LT challenge},
  author={Holste, Gregory and Zhou, Yiliang and Wang, Song and Jaiswal, Ajay and Lin, Mingquan and Zhuge, Sherry and Yang, Yuzhe and Kim, Dongkyun and Nguyen-Mau, Trong-Hieu and Tran, Minh-Triet and others},
  journal={Medical Image Analysis},
  pages={103224},
  year={2024},
  publisher={Elsevier}
}

@article{jaeger2014two,
  title={Two public chest X-ray datasets for computer-aided screening of pulmonary diseases},
  author={Jaeger, Stefan and Candemir, Sema and Antani, Sameer and W{\'a}ng, Y{\`\i}-Xi{\'a}ng J and Lu, Pu-Xuan and Thoma, George},
  journal={Quantitative imaging in medicine and surgery},
  volume={4},
  number={6},
  pages={475},
  year={2014},
  publisher={AME Publications}
}

@article{budovec2014informatics,
  title={Informatics in radiology: radiology gamuts ontology: differential diagnosis for the Semantic Web},
  author={Budovec, Joseph J and Lam, Cesar A and Kahn Jr, Charles E},
  journal={Radiographics},
  volume={34},
  number={1},
  pages={254--264},
  year={2014},
  publisher={Radiological Society of North America}
}

@inproceedings{sowrirajan2021moco,
  title={Moco pretraining improves representation and transferability of chest x-ray models},
  author={Sowrirajan, Hari and Yang, Jingbo and Ng, Andrew Y and Rajpurkar, Pranav},
  booktitle={Medical Imaging with Deep Learning},
  pages={728--744},
  year={2021},
  organization={PMLR}
}

@article{johnson2019mimic,
  title={MIMIC-CXR, a de-identified publicly available database of chest radiographs with free-text reports},
  author={Johnson, Alistair EW and Pollard, Tom J and Berkowitz, Seth J and Greenbaum, Nathaniel R and Lungren, Matthew P and Deng, Chih-ying and Mark, Roger G and Horng, Steven},
  journal={Scientific data},
  volume={6},
  number={1},
  pages={317},
  year={2019},
  publisher={Nature Publishing Group UK London}
}

@article{yao2024eva,
  title={EVA-X: A Foundation Model for General Chest X-ray Analysis with Self-supervised Learning},
  author={Yao, Jingfeng and Wang, Xinggang and Song, Yuehao and Zhao, Huangxuan and Ma, Jun and Chen, Yajie and Liu, Wenyu and Wang, Bo},
  journal={arXiv preprint arXiv:2405.05237},
  year={2024}
}

@article{bustos2020padchest,
  title={Padchest: A large chest x-ray image dataset with multi-label annotated reports},
  author={Bustos, Aurelia and Pertusa, Antonio and Salinas, Jose-Maria and De La Iglesia-Vaya, Maria},
  journal={Medical image analysis},
  volume={66},
  pages={101797},
  year={2020},
  publisher={Elsevier}
}

@article{reis2022brax,
  title={BRAX, Brazilian labeled chest x-ray dataset},
  author={Reis, Eduardo P and De Paiva, Joselisa PQ and Da Silva, Maria CB and Ribeiro, Guilherme AS and Paiva, Victor F and Bulgarelli, Lucas and Lee, Henrique MH and Santos, Paulo V and Brito, Vanessa M and Amaral, Lucas TW and others},
  journal={Scientific Data},
  volume={9},
  number={1},
  pages={487},
  year={2022},
  publisher={Nature Publishing Group UK London}
}

@article{nguyen2022vindr,
  title={VinDr-CXR: An open dataset of chest X-rays with radiologist’s annotations},
  author={Nguyen, Ha Q and Lam, Khanh and Le, Linh T and Pham, Hieu H and Tran, Dat Q and Nguyen, Dung B and Le, Dung D and Pham, Chi M and Tong, Hang TT and Dinh, Diep H and others},
  journal={Scientific Data},
  volume={9},
  number={1},
  pages={429},
  year={2022},
  publisher={Nature Publishing Group UK London}
}

@article{feng2021curation,
  title={Curation of the candid-ptx dataset with free-text reports},
  author={Feng, Sijing and Azzollini, Damian and Kim, Ji Soo and Jin, Cheng-Kai and Gordon, Simon P and Yeoh, Jason and Kim, Eve and Han, Mina and Lee, Andrew and Patel, Aakash and others},
  journal={Radiology: Artificial Intelligence},
  volume={3},
  number={6},
  pages={e210136},
  year={2021},
  publisher={Radiological Society of North America}
}

@misc{objectcxr,
    title= {Object-CXR - Automatic detection of foreign objects on chest X-rays},
    organization={JF Healthcare},
    year={2020},
}

@misc{siim-acr,
    author = {Anna Zawacki and Carol Wu and George Shih and Julia Elliott and Mikhail Fomitchev and Mohannad Hussain and ParasLakhani and Phil Culliton and Shunxing Bao},
    title = {SIIM-ACR Pneumothorax Segmentation},
    year = {2019},
}

@article{lakhani20232021,
  title={The 2021 SIIM-FISABIO-RSNA machine learning COVID-19 challenge: Annotation and standard exam classification of COVID-19 chest radiographs},
  author={Lakhani, Paras and Mongan, John and Singhal, Chinmay and Zhou, Quan and Andriole, Katherine P and Auffermann, William F and Prasanna, PM and Pham, Theresa X and Peterson, Michael and Bergquist, Peter J and others},
  journal={Journal of Digital Imaging},
  volume={36},
  number={1},
  pages={365--372},
  year={2023},
  publisher={Springer}
}

@article{wu2023covidx,
  title={COVIDx CXR-4: An Expanded Multi-Institutional Open-Source Benchmark Dataset for Chest X-ray Image-Based Computer-Aided COVID-19 Diagnostics},
  author={Wu, Yifan and Gunraj, Hayden and Tai, Chi-en Amy and Wong, Alexander},
  journal={arXiv preprint arXiv:2311.17677},
  year={2023}
}

@misc{midrc-covidx,
    title={MIDRC COVIDx Challenge},
    year={2022},
    organization={Medical Imaging and Data Resource Center},
}

@article{vaya2020bimcv,
  title={BIMCV COVID-19+: a large annotated dataset of RX and CT images from COVID-19 patients},
  author={Vay{\'a}, Maria De La Iglesia and Saborit, Jose Manuel and Montell, Joaquim Angel and Pertusa, Antonio and Bustos, Aurelia and Cazorla, Miguel and Galant, Joaquin and Barber, Xavier and Orozco-Beltr{\'a}n, Domingo and Garc{\'\i}a-Garc{\'\i}a, Francisco and others},
  journal={arXiv preprint arXiv:2006.01174},
  year={2020}
}


@article{shiraishi2000development,
  title={Development of a digital image database for chest radiographs with and without a lung nodule: receiver operating characteristic analysis of radiologists' detection of pulmonary nodules},
  author={Shiraishi, Junji and Katsuragawa, Shigehiko and Ikezoe, Junpei and Matsumoto, Tsuneo and Kobayashi, Takeshi and Komatsu, Ken-ichi and Matsui, Mitate and Fujita, Hiroshi and Kodera, Yoshie and Doi, Kunio},
  journal={American journal of roentgenology},
  volume={174},
  number={1},
  pages={71--74},
  year={2000},
  publisher={Am Roentgen Ray Soc}
}

@article{hocking2010lung,
  title={Lung cancer screening in the randomized prostate, lung, colorectal, and ovarian (PLCO) cancer screening trial},
  author={Hocking, William G and Hu, Ping and Oken, Martin M and Winslow, Stephen D and Kvale, Paul A and Prorok, Philip C and Ragard, Lawrence R and Commins, John and Lynch, David A and Andriole, Gerald L and others},
  journal={JNCI: Journal of the National Cancer Institute},
  volume={102},
  number={10},
  pages={722--731},
  year={2010},
  publisher={Oxford University Press}
}

@misc{peng_2024_10991413,
  author       = {Peng, Yifan and
                  Lin, Mingquan and
                  Holste, Gregory and
                  Wang, Song and
                  Zhou, Yiliang and
                  Chen, Hao and
                  Wang, Atlas and
                  Flanders, Adam E. and
                  Celi, Leo Anthony and
                  Lu, Zhiyong and
                  Shih, George and
                  Summers, Ronald M.},
  title        = {{CXR-LT 2024: Long-tailed, multi-label, and zero- 
                   shot classification on chest X-rays}},
  month        = apr,
  year         = 2024,
  publisher    = {Zenodo},
  doi          = {10.5281/zenodo.10991413},
  url          = {https://doi.org/10.5281/zenodo.10991413}
}

@inproceedings{moor2023med,
  title={Med-flamingo: a multimodal medical few-shot learner},
  author={Moor, Michael and Huang, Qian and Wu, Shirley and Yasunaga, Michihiro and Dalmia, Yash and Leskovec, Jure and Zakka, Cyril and Reis, Eduardo Pontes and Rajpurkar, Pranav},
  booktitle={Machine Learning for Health (ML4H)},
  pages={353--367},
  year={2023},
  organization={PMLR}
}

@article{zhang2023biomedclip,
  title={BiomedCLIP: a multimodal biomedical foundation model pretrained from fifteen million scientific image-text pairs},
  author={Zhang, Sheng and Xu, Yanbo and Usuyama, Naoto and Xu, Hanwen and Bagga, Jaspreet and Tinn, Robert and Preston, Sam and Rao, Rajesh and Wei, Mu and Valluri, Naveen and others},
  journal={arXiv preprint arXiv:2303.00915},
  year={2023}
}

@article{eslami2021does,
  title={Does clip benefit visual question answering in the medical domain as much as it does in the general domain?},
  author={Eslami, Sedigheh and de Melo, Gerard and Meinel, Christoph},
  journal={arXiv preprint arXiv:2112.13906},
  year={2021}
}

@inproceedings{fang2023eva,
  title={Eva: Exploring the limits of masked visual representation learning at scale},
  author={Fang, Yuxin and Wang, Wen and Xie, Binhui and Sun, Quan and Wu, Ledell and Wang, Xinggang and Huang, Tiejun and Wang, Xinlong and Cao, Yue},
  booktitle={Proceedings of the IEEE/CVF Conference on Computer Vision and Pattern Recognition},
  pages={19358--19369},
  year={2023}
}

@inproceedings{radford2021learning,
  title={Learning transferable visual models from natural language supervision},
  author={Radford, Alec and Kim, Jong Wook and Hallacy, Chris and Ramesh, Aditya and Goh, Gabriel and Agarwal, Sandhini and Sastry, Girish and Askell, Amanda and Mishkin, Pamela and Clark, Jack and others},
  booktitle={International conference on machine learning},
  pages={8748--8763},
  year={2021},
  organization={PMLR}
}

@article{oken2011screening,
  title={Screening by chest radiograph and lung cancer mortality: the Prostate, Lung, Colorectal, and Ovarian (PLCO) randomized trial},
  author={Oken, Martin M and Hocking, Willam G and Kvale, Paul A and Andriole, Gerald L and Buys, Saundra S and Church, Timothy R and Crawford, E David and Fouad, Mona N and Isaacs, Claudine and Reding, Douglas J and others},
  journal={Jama},
  volume={306},
  number={17},
  pages={1865--1873},
  year={2011},
  publisher={American Medical Association}
}

@inproceedings{yang2024cardiovascular,
  title={Cardiovascular Disease Detection from Multi-View Chest X-rays with BI-Mamba},
  author={Yang, Zefan and Zhang, Jiajin and Wang, Ge and Kalra, Mannudeep K and Yan, Pingkun},
  booktitle={International Conference on Medical Image Computing and Computer-Assisted Intervention},
  pages={134--144},
  year={2024},
  organization={Springer}
}

@inproceedings{zhou2016learning,
  title={Learning deep features for discriminative localization},
  author={Zhou, Bolei and Khosla, Aditya and Lapedriza, Agata and Oliva, Aude and Torralba, Antonio},
  booktitle={Proceedings of the IEEE conference on computer vision and pattern recognition},
  pages={2921--2929},
  year={2016}
}

@inproceedings{selvaraju2017grad,
  title={Grad-cam: Visual explanations from deep networks via gradient-based localization},
  author={Selvaraju, Ramprasaath R and Cogswell, Michael and Das, Abhishek and Vedantam, Ramakrishna and Parikh, Devi and Batra, Dhruv},
  booktitle={Proceedings of the IEEE international conference on computer vision},
  pages={618--626},
  year={2017}
}

@inproceedings{chen2021exploring,
  title={Exploring simple siamese representation learning},
  author={Chen, Xinlei and He, Kaiming},
  booktitle={Proceedings of the IEEE/CVF conference on computer vision and pattern recognition},
  pages={15750--15758},
  year={2021}
}

@article{grill2020bootstrap,
  title={Bootstrap your own latent-a new approach to self-supervised learning},
  author={Grill, Jean-Bastien and Strub, Florian and Altch{\'e}, Florent and Tallec, Corentin and Richemond, Pierre and Buchatskaya, Elena and Doersch, Carl and Avila Pires, Bernardo and Guo, Zhaohan and Gheshlaghi Azar, Mohammad and others},
  journal={Advances in neural information processing systems},
  volume={33},
  pages={21271--21284},
  year={2020}
}

@inproceedings{jaegle2021perceiver,
  title={Perceiver: General perception with iterative attention},
  author={Jaegle, Andrew and Gimeno, Felix and Brock, Andy and Vinyals, Oriol and Zisserman, Andrew and Carreira, Joao},
  booktitle={International conference on machine learning},
  pages={4651--4664},
  year={2021},
  organization={PMLR}
}

@inproceedings{carion2020end,
  title={End-to-end object detection with transformers},
  author={Carion, Nicolas and Massa, Francisco and Synnaeve, Gabriel and Usunier, Nicolas and Kirillov, Alexander and Zagoruyko, Sergey},
  booktitle={European conference on computer vision},
  pages={213--229},
  year={2020},
  organization={Springer}
}

@article{bao2021beit,
  title={Beit: Bert pre-training of image transformers},
  author={Bao, Hangbo and Dong, Li and Piao, Songhao and Wei, Furu},
  journal={arXiv preprint arXiv:2106.08254},
  year={2021}
}

@inproceedings{chen2020simple,
  title={A simple framework for contrastive learning of visual representations},
  author={Chen, Ting and Kornblith, Simon and Norouzi, Mohammad and Hinton, Geoffrey},
  booktitle={International conference on machine learning},
  pages={1597--1607},
  year={2020},
  organization={PMLR}
}

@article{lu2024visual,
  title={A visual-language foundation model for computational pathology},
  author={Lu, Ming Y and Chen, Bowen and Williamson, Drew FK and Chen, Richard J and Liang, Ivy and Ding, Tong and Jaume, Guillaume and Odintsov, Igor and Le, Long Phi and Gerber, Georg and others},
  journal={Nature Medicine},
  volume={30},
  number={3},
  pages={863--874},
  year={2024},
  publisher={Nature Publishing Group US New York}
}

@article{huang2023visual,
  title={A visual--language foundation model for pathology image analysis using medical twitter},
  author={Huang, Zhi and Bianchi, Federico and Yuksekgonul, Mert and Montine, Thomas J and Zou, James},
  journal={Nature medicine},
  volume={29},
  number={9},
  pages={2307--2316},
  year={2023},
  publisher={Nature Publishing Group US New York}
}

@article{chen2024chexagent,
  title={Chexagent: Towards a foundation model for chest x-ray interpretation},
  author={Chen, Zhihong and Varma, Maya and Delbrouck, Jean-Benoit and Paschali, Magdalini and Blankemeier, Louis and Van Veen, Dave and Valanarasu, Jeya Maria Jose and Youssef, Alaa and Cohen, Joseph Paul and Reis, Eduardo Pontes and others},
  journal={arXiv preprint arXiv:2401.12208},
  year={2024}
}

@article{li2024llava,
  title={Llava-med: Training a large language-and-vision assistant for biomedicine in one day},
  author={Li, Chunyuan and Wong, Cliff and Zhang, Sheng and Usuyama, Naoto and Liu, Haotian and Yang, Jianwei and Naumann, Tristan and Poon, Hoifung and Gao, Jianfeng},
  journal={Advances in Neural Information Processing Systems},
  volume={36},
  year={2024}
}

@article{yang2024advancing,
  title={Advancing multimodal medical capabilities of Gemini},
  author={Yang, Lin and Xu, Shawn and Sellergren, Andrew and Kohlberger, Timo and Zhou, Yuchen and Ktena, Ira and Kiraly, Atilla and Ahmed, Faruk and Hormozdiari, Farhad and Jaroensri, Tiam and others},
  journal={arXiv preprint arXiv:2405.03162},
  year={2024}
}

@article{zhao2024biomedparse,
  title={BiomedParse: a biomedical foundation model for image parsing of everything everywhere all at once},
  author={Zhao, Theodore and Gu, Yu and Yang, Jianwei and Usuyama, Naoto and Lee, Ho Hin and Naumann, Tristan and Gao, Jianfeng and Crabtree, Angela and Abel, Jacob and Moung-Wen, Christine and others},
  journal={arXiv preprint arXiv:2405.12971},
  year={2024}
}