@inproceedings{langley00,
 author    = {P. Langley},
 title     = {Crafting Papers on Machine Learning},
 year      = {2000},
 pages     = {1207--1216},
 editor    = {Pat Langley},
 booktitle     = {Proceedings of the 17th International Conference
              on Machine Learning (ICML 2000)},
 address   = {Stanford, CA},
 publisher = {Morgan Kaufmann}
}

@TechReport{mitchell80,
  author = 	 "T. M. Mitchell",
  title = 	 "The Need for Biases in Learning Generalizations",
  institution =  "Computer Science Department, Rutgers University",
  year = 	 "1980",
  address =	 "New Brunswick, MA",
}

@phdthesis{kearns89,
  author = {M. J. Kearns},
  title =  {Computational Complexity of Machine Learning},
  school = {Department of Computer Science, Harvard University},
  year =   {1989}
}

@Book{MachineLearningI,
  editor = 	 "R. S. Michalski and J. G. Carbonell and T.
		  M. Mitchell",
  title = 	 "Machine Learning: An Artificial Intelligence
		  Approach, Vol. I",
  publisher = 	 "Tioga",
  year = 	 "1983",
  address =	 "Palo Alto, CA"
}

@Book{DudaHart2nd,
  author =       "R. O. Duda and P. E. Hart and D. G. Stork",
  title =        "Pattern Classification",
  publisher =    "John Wiley and Sons",
  edition =      "2nd",
  year =         "2000"
}

@misc{anonymous,
  title= {Suppressed for Anonymity},
  author= {Author, N. N.},
  year= {2021}
}

@InCollection{Newell81,
  author =       "A. Newell and P. S. Rosenbloom",
  title =        "Mechanisms of Skill Acquisition and the Law of
                  Practice", 
  booktitle =    "Cognitive Skills and Their Acquisition",
  pages =        "1--51",
  publisher =    "Lawrence Erlbaum Associates, Inc.",
  year =         "1981",
  editor =       "J. R. Anderson",
  chapter =      "1",
  address =      "Hillsdale, NJ"
}


@Article{Samuel59,
  author = 	 "A. L. Samuel",
  title = 	 "Some Studies in Machine Learning Using the Game of
		  Checkers",
  journal =	 "IBM Journal of Research and Development",
  year =	 "1959",
  volume =	 "3",
  number =	 "3",
  pages =	 "211--229"
}

@incollection{Bengio+chapter2007,
author = {Bengio, Yoshua and LeCun, Yann},
booktitle = {Large Scale Kernel Machines},
publisher = {MIT Press},
title = {Scaling Learning Algorithms Towards {AI}},
year = {2007}
}

@article{Hinton06,
author = {Hinton, Geoffrey E. and Osindero, Simon and Teh, Yee Whye},
journal = {Neural Computation},
pages = {1527--1554},
title = {A Fast Learning Algorithm for Deep Belief Nets},
volume = {18},
year = {2006}
}

@book{goodfellow2016deep,
title={Deep learning},
author={Goodfellow, Ian and Bengio, Yoshua and Courville, Aaron and Bengio, Yoshua},
volume={1},
year={2016},
publisher={MIT Press}
}


@article{lajszczak2024base,
  title={BASE TTS: Lessons from building a billion-parameter text-to-speech model on 100K hours of data},
  author={{\L}ajszczak, Mateusz and C{\'a}mbara, Guillermo and Li, Yang and Beyhan, Fatih and van Korlaar, Arent and Yang, Fan and Joly, Arnaud and Mart{\'\i}n-Cortinas, {\'A}lvaro and Abbas, Ammar and Michalski, Adam and others},
  journal={arXiv preprint arXiv:2402.08093},
  year={2024}
}

@article{betker2023better,
  title={Better speech synthesis through scaling},
  author={Betker, James},
  journal={arXiv preprint arXiv:2305.07243},
  year={2023}
}

@article{ho2022classifier,
  title={Classifier-free diffusion guidance},
  author={Ho, Jonathan and Salimans, Tim},
  journal={arXiv preprint arXiv:2207.12598},
  year={2022}
}

@article{sanchez2023stay,
  title={Stay on topic with classifier-free guidance},
  author={Sanchez, Guillaume and Fan, Honglu and Spangher, Alexander and Levi, Elad and Ammanamanchi, Pawan Sasanka and Biderman, Stella},
  journal={arXiv preprint arXiv:2306.17806},
  year={2023}
}

@article{siuzdak2023vocos,
  title={Vocos: Closing the gap between time-domain and Fourier-based neural vocoders for high-quality audio synthesis},
  author={Siuzdak, Hubert},
  journal={arXiv preprint arXiv:2306.00814},
  year={2023}
}

@article{kumar2024high,
  title={High-fidelity audio compression with improved rvqgan},
  author={Kumar, Rithesh and Seetharaman, Prem and Luebs, Alejandro and Kumar, Ishaan and Kumar, Kundan},
  journal={Advances in Neural Information Processing Systems},
  volume={36},
  year={2024}
}

@inproceedings{liu2022convnet,
  title={A convnet for the 2020s},
  author={Liu, Zhuang and Mao, Hanzi and Wu, Chao-Yuan and Feichtenhofer, Christoph and Darrell, Trevor and Xie, Saining},
  booktitle={Proceedings of the IEEE/CVF conference on computer vision and pattern recognition},
  pages={11976--11986},
  year={2022}
}

@article{lee2022bigvgan,
  title={Bigvgan: A universal neural vocoder with large-scale training},
  author={Lee, Sang-gil and Ping, Wei and Ginsburg, Boris and Catanzaro, Bryan and Yoon, Sungroh},
  journal={arXiv preprint arXiv:2206.04658},
  year={2022}
}

@article{touvron2023llama,
  title={Llama 2: Open foundation and fine-tuned chat models},
  author={Touvron, Hugo and Martin, Louis and Stone, Kevin and Albert, Peter and Almahairi, Amjad and Babaei, Yasmine and Bashlykov, Nikolay and Batra, Soumya and Bhargava, Prajjwal and Bhosale, Shruti and others},
  journal={arXiv preprint arXiv:2307.09288},
  year={2023}
}

@article{zhang2023amphion,
  title={Amphion: An Open-Source Audio, Music and Speech Generation Toolkit},
  author={Zhang, Xueyao and Xue, Liumeng and Wang, Yuancheng and Gu, Yicheng and Chen, Xi and Fang, Zihao and Chen, Haopeng and Zou, Lexiao and Wang, Chaoren and Han, Jun and others},
  journal={arXiv preprint arXiv:2312.09911},
  year={2023}
}

@article{defossez2022high,
  title={High fidelity neural audio compression},
  author={D{\'e}fossez, Alexandre and Copet, Jade and Synnaeve, Gabriel and Adi, Yossi},
  journal={arXiv preprint arXiv:2210.13438},
  year={2022}
}

@article{yang2023hifi,
  title={Hifi-codec: Group-residual vector quantization for high fidelity audio codec},
  author={Yang, Dongchao and Liu, Songxiang and Huang, Rongjie and Tian, Jinchuan and Weng, Chao and Zou, Yuexian},
  journal={arXiv preprint arXiv:2305.02765},
  year={2023}
}

@article{zeghidour2021soundstream,
  title={Soundstream: An end-to-end neural audio codec},
  author={Zeghidour, Neil and Luebs, Alejandro and Omran, Ahmed and Skoglund, Jan and Tagliasacchi, Marco},
  journal={IEEE/ACM Transactions on Audio, Speech, and Language Processing},
  volume={30},
  pages={495--507},
  year={2021},
  publisher={IEEE}
}

@article{kim2024clam,
  title={CLaM-TTS: Improving Neural Codec Language Model for Zero-Shot Text-to-Speech},
  author={Kim, Jaehyeon and Lee, Keon and Chung, Seungjun and Cho, Jaewoong},
  journal={arXiv preprint arXiv:2404.02781},
  year={2024}
}

@article{wang2023neural,
  title={Neural codec language models are zero-shot text to speech synthesizers},
  author={Wang, Chengyi and Chen, Sanyuan and Wu, Yu and Zhang, Ziqiang and Zhou, Long and Liu, Shujie and Chen, Zhuo and Liu, Yanqing and Wang, Huaming and Li, Jinyu and others},
  journal={arXiv preprint arXiv:2301.02111},
  year={2023}
}

@article{peng2024voicecraft,
  title={VoiceCraft: Zero-Shot Speech Editing and Text-to-Speech in the Wild},
  author={Peng, Puyuan and Huang, Po-Yao and Li, Daniel and Mohamed, Abdelrahman and Harwath, David},
  journal={arXiv preprint arXiv:2403.16973},
  year={2024}
}

@article{van2017neural,
  title={Neural discrete representation learning},
  author={Van Den Oord, Aaron and Vinyals, Oriol and others},
  journal={Advances in neural information processing systems},
  volume={30},
  year={2017}
}

@inproceedings{rombach2022high,
  title={High-resolution image synthesis with latent diffusion models},
  author={Rombach, Robin and Blattmann, Andreas and Lorenz, Dominik and Esser, Patrick and Ommer, Bj{\"o}rn},
  booktitle={Proceedings of the IEEE/CVF conference on computer vision and pattern recognition},
  pages={10684--10695},
  year={2022}
}

@article{kingma2013auto,
  title={Auto-encoding variational bayes},
  author={Kingma, Diederik P and Welling, Max},
  journal={arXiv preprint arXiv:1312.6114},
  year={2013}
}

@inproceedings{panayotov2015librispeech,
  title={Librispeech: an asr corpus based on public domain audio books},
  author={Panayotov, Vassil and Chen, Guoguo and Povey, Daniel and Khudanpur, Sanjeev},
  booktitle={2015 IEEE international conference on acoustics, speech and signal processing (ICASSP)},
  pages={5206--5210},
  year={2015},
  organization={IEEE}
}

@inproceedings{kahn2020libri,
  title={Libri-light: A benchmark for asr with limited or no supervision},
  author={Kahn, Jacob and Riviere, Morgane and Zheng, Weiyi and Kharitonov, Evgeny and Xu, Qiantong and Mazar{\'e}, Pierre-Emmanuel and Karadayi, Julien and Liptchinsky, Vitaliy and Collobert, Ronan and Fuegen, Christian and others},
  booktitle={ICASSP 2020-2020 IEEE International Conference on Acoustics, Speech and Signal Processing (ICASSP)},
  pages={7669--7673},
  year={2020},
  organization={IEEE}
}

@article{ju2024naturalspeech,
  title={NaturalSpeech 3: Zero-shot speech synthesis with factorized codec and diffusion models},
  author={Ju, Zeqian and Wang, Yuancheng and Shen, Kai and Tan, Xu and Xin, Detai and Yang, Dongchao and Liu, Yanqing and Leng, Yichong and Song, Kaitao and Tang, Siliang and others},
  journal={arXiv preprint arXiv:2403.03100},
  year={2024}
}
@article{borsos2023soundstorm,
  title={Soundstorm: Efficient parallel audio generation},
  author={Borsos, Zal{\'a}n and Sharifi, Matt and Vincent, Damien and Kharitonov, Eugene and Zeghidour, Neil and Tagliasacchi, Marco},
  journal={arXiv preprint arXiv:2305.09636},
  year={2023}
}

@article{huang2023repcodec,
  title={Repcodec: A speech representation codec for speech tokenization},
  author={Huang, Zhichao and Meng, Chutong and Ko, Tom},
  journal={arXiv preprint arXiv:2309.00169},
  year={2023}
}

@inproceedings{chung2021w2v,
  title={W2v-bert: Combining contrastive learning and masked language modeling for self-supervised speech pre-training},
  author={Chung, Yu-An and Zhang, Yu and Han, Wei and Chiu, Chung-Cheng and Qin, James and Pang, Ruoming and Wu, Yonghui},
  booktitle={2021 IEEE Automatic Speech Recognition and Understanding Workshop (ASRU)},
  pages={244--250},
  year={2021},
  organization={IEEE}
}

@article{yu2021vector,
  title={Vector-quantized image modeling with improved vqgan},
  author={Yu, Jiahui and Li, Xin and Koh, Jing Yu and Zhang, Han and Pang, Ruoming and Qin, James and Ku, Alexander and Xu, Yuanzhong and Baldridge, Jason and Wu, Yonghui},
  journal={arXiv preprint arXiv:2110.04627},
  year={2021}
}

@article{bernard2021phonemizer,
  title={Phonemizer: Text to phones transcription for multiple languages in python},
  author={Bernard, Mathieu and Titeux, Hadrien},
  journal={Journal of Open Source Software},
  volume={6},
  number={68},
  pages={3958},
  year={2021}
}

@inproceedings{kang2024libriheavy,
  title={Libriheavy: a 50,000 hours asr corpus with punctuation casing and context},
  author={Kang, Wei and Yang, Xiaoyu and Yao, Zengwei and Kuang, Fangjun and Yang, Yifan and Guo, Liyong and Lin, Long and Povey, Daniel},
  booktitle={ICASSP 2024-2024 IEEE International Conference on Acoustics, Speech and Signal Processing (ICASSP)},
  pages={10991--10995},
  year={2024},
  organization={IEEE}
}

@article{anastassiou2024seed,
  title={Seed-TTS: A Family of High-Quality Versatile Speech Generation Models},
  author={Anastassiou, Philip and Chen, Jiawei and Chen, Jitong and Chen, Yuanzhe and Chen, Zhuo and Chen, Ziyi and Cong, Jian and Deng, Lelai and Ding, Chuang and Gao, Lu and others},
  journal={arXiv preprint arXiv:2406.02430},
  year={2024}
}

@inproceedings{guo2021didispeech,
  title={Didispeech: A large scale mandarin speech corpus},
  author={Guo, Tingwei and Wen, Cheng and Jiang, Dongwei and Luo, Ne and Zhang, Ruixiong and Zhao, Shuaijiang and Li, Wubo and Gong, Cheng and Zou, Wei and Han, Kun and others},
  booktitle={ICASSP 2021-2021 IEEE International Conference on Acoustics, Speech and Signal Processing (ICASSP)},
  pages={6968--6972},
  year={2021},
  organization={IEEE}
}

@article{ardila2019common,
  title={Common voice: A massively-multilingual speech corpus},
  author={Ardila, Rosana and Branson, Megan and Davis, Kelly and Henretty, Michael and Kohler, Michael and Meyer, Josh and Morais, Reuben and Saunders, Lindsay and Tyers, Francis M and Weber, Gregor},
  journal={arXiv preprint arXiv:1912.06670},
  year={2019}
}

@article{chen2022wavlm,
  title={Wavlm: Large-scale self-supervised pre-training for full stack speech processing},
  author={Chen, Sanyuan and Wang, Chengyi and Chen, Zhengyang and Wu, Yu and Liu, Shujie and Chen, Zhuo and Li, Jinyu and Kanda, Naoyuki and Yoshioka, Takuya and Xiao, Xiong and others},
  journal={IEEE Journal of Selected Topics in Signal Processing},
  volume={16},
  number={6},
  pages={1505--1518},
  year={2022},
  publisher={IEEE}
}

@inproceedings{lin2024common,
  title={Common diffusion noise schedules and sample steps are flawed},
  author={Lin, Shanchuan and Liu, Bingchen and Li, Jiashi and Yang, Xiao},
  booktitle={Proceedings of the IEEE/CVF winter conference on applications of computer vision},
  pages={5404--5411},
  year={2024}
}

@inproceedings{chang2022maskgit,
  title={Maskgit: Masked generative image transformer},
  author={Chang, Huiwen and Zhang, Han and Jiang, Lu and Liu, Ce and Freeman, William T},
  booktitle={Proceedings of the IEEE/CVF Conference on Computer Vision and Pattern Recognition},
  pages={11315--11325},
  year={2022}
}

@inproceedings{li2023freevc,
  title={Freevc: Towards high-quality text-free one-shot voice conversion},
  author={Li, Jingyi and Tu, Weiping and Xiao, Li},
  booktitle={ICASSP 2023-2023 IEEE International Conference on Acoustics, Speech and Signal Processing (ICASSP)},
  pages={1--5},
  year={2023},
  organization={IEEE}
}

@article{kharitonov2023speak,
  title={Speak, read and prompt: High-fidelity text-to-speech with minimal supervision},
  author={Kharitonov, Eugene and Vincent, Damien and Borsos, Zal{\'a}n and Marinier, Rapha{\"e}l and Girgin, Sertan and Pietquin, Olivier and Sharifi, Matt and Tagliasacchi, Marco and Zeghidour, Neil},
  journal={Transactions of the Association for Computational Linguistics},
  volume={11},
  pages={1703--1718},
  year={2023},
  publisher={MIT Press One Broadway, 12th Floor, Cambridge, Massachusetts 02142, USA~…}
}

@article{shen2023naturalspeech,
  title={Naturalspeech 2: Latent diffusion models are natural and zero-shot speech and singing synthesizers},
  author={Shen, Kai and Ju, Zeqian and Tan, Xu and Liu, Yanqing and Leng, Yichong and He, Lei and Qin, Tao and Zhao, Sheng and Bian, Jiang},
  journal={arXiv preprint arXiv:2304.09116},
  year={2023}
}

@article{le2024voicebox,
  title={Voicebox: Text-guided multilingual universal speech generation at scale},
  author={Le, Matthew and Vyas, Apoorv and Shi, Bowen and Karrer, Brian and Sari, Leda and Moritz, Rashel and Williamson, Mary and Manohar, Vimal and Adi, Yossi and Mahadeokar, Jay and others},
  journal={Advances in neural information processing systems},
  volume={36},
  year={2024}
}

@article{jiang2023mega,
  title={Mega-tts 2: Zero-shot text-to-speech with arbitrary length speech prompts},
  author={Jiang, Ziyue and Liu, Jinglin and Ren, Yi and He, Jinzheng and Zhang, Chen and Ye, Zhenhui and Wei, Pengfei and Wang, Chunfeng and Yin, Xiang and Ma, Zejun and others},
  journal={arXiv preprint arXiv:2307.07218},
  year={2023}
}

@article{chang2023muse,
  title={Muse: Text-to-image generation via masked generative transformers},
  author={Chang, Huiwen and Zhang, Han and Barber, Jarred and Maschinot, AJ and Lezama, Jose and Jiang, Lu and Yang, Ming-Hsuan and Murphy, Kevin and Freeman, William T and Rubinstein, Michael and others},
  journal={arXiv preprint arXiv:2301.00704},
  year={2023}
}

@article{yu2023language,
  title={Language Model Beats Diffusion--Tokenizer is Key to Visual Generation},
  author={Yu, Lijun and Lezama, Jos{\'e} and Gundavarapu, Nitesh B and Versari, Luca and Sohn, Kihyuk and Minnen, David and Cheng, Yong and Gupta, Agrim and Gu, Xiuye and Hauptmann, Alexander G and others},
  journal={arXiv preprint arXiv:2310.05737},
  year={2023}
}

@inproceedings{yu2023magvit,
  title={Magvit: Masked generative video transformer},
  author={Yu, Lijun and Cheng, Yong and Sohn, Kihyuk and Lezama, Jos{\'e} and Zhang, Han and Chang, Huiwen and Hauptmann, Alexander G and Yang, Ming-Hsuan and Hao, Yuan and Essa, Irfan and others},
  booktitle={Proceedings of the IEEE/CVF Conference on Computer Vision and Pattern Recognition},
  pages={10459--10469},
  year={2023}
}

@article{li2024masksr,
  title={MaskSR: Masked Language Model for Full-band Speech Restoration},
  author={Li, Xu and Wang, Qirui and Liu, Xiaoyu},
  journal={arXiv preprint arXiv:2406.02092},
  year={2024}
}

@inproceedings{li2023mage,
  title={Mage: Masked generative encoder to unify representation learning and image synthesis},
  author={Li, Tianhong and Chang, Huiwen and Mishra, Shlok and Zhang, Han and Katabi, Dina and Krishnan, Dilip},
  booktitle={Proceedings of the IEEE/CVF Conference on Computer Vision and Pattern Recognition},
  pages={2142--2152},
  year={2023}
}

@article{garcia2023vampnet,
  title={Vampnet: Music generation via masked acoustic token modeling},
  author={Garcia, Hugo Flores and Seetharaman, Prem and Kumar, Rithesh and Pardo, Bryan},
  journal={arXiv preprint arXiv:2307.04686},
  year={2023}
}

@article{ziv2024masked,
  title={Masked audio generation using a single non-autoregressive transformer},
  author={Ziv, Alon and Gat, Itai and Lan, Gael Le and Remez, Tal and Kreuk, Felix and D{\'e}fossez, Alexandre and Copet, Jade and Synnaeve, Gabriel and Adi, Yossi},
  journal={arXiv preprint arXiv:2401.04577},
  year={2024}
}

@article{ren2020fastspeech,
  title={Fastspeech 2: Fast and high-quality end-to-end text to speech},
  author={Ren, Yi and Hu, Chenxu and Tan, Xu and Qin, Tao and Zhao, Sheng and Zhao, Zhou and Liu, Tie-Yan},
  journal={arXiv preprint arXiv:2006.04558},
  year={2020}
}

@inproceedings{lezama2022improved,
  title={Improved masked image generation with token-critic},
  author={Lezama, Jos{\'e} and Chang, Huiwen and Jiang, Lu and Essa, Irfan},
  booktitle={European Conference on Computer Vision},
  pages={70--86},
  year={2022},
  organization={Springer}
}

@article{ren2019fastspeech,
  title={Fastspeech: Fast, robust and controllable text to speech},
  author={Ren, Yi and Ruan, Yangjun and Tan, Xu and Qin, Tao and Zhao, Sheng and Zhao, Zhou and Liu, Tie-Yan},
  journal={Advances in neural information processing systems},
  volume={32},
  year={2019}
}

@article{tan2024naturalspeech,
  title={Naturalspeech: End-to-end text-to-speech synthesis with human-level quality},
  author={Tan, Xu and Chen, Jiawei and Liu, Haohe and Cong, Jian and Zhang, Chen and Liu, Yanqing and Wang, Xi and Leng, Yichong and Yi, Yuanhao and He, Lei and others},
  journal={IEEE Transactions on Pattern Analysis and Machine Intelligence},
  year={2024},
  publisher={IEEE}
}

@inproceedings{kim2021conditional,
  title={Conditional variational autoencoder with adversarial learning for end-to-end text-to-speech},
  author={Kim, Jaehyeon and Kong, Jungil and Son, Juhee},
  booktitle={International Conference on Machine Learning},
  pages={5530--5540},
  year={2021},
  organization={PMLR}
}

@article{wang2017tacotron,
  title={Tacotron: Towards end-to-end speech synthesis},
  author={Wang, Yuxuan and Skerry-Ryan, RJ and Stanton, Daisy and Wu, Yonghui and Weiss, Ron J and Jaitly, Navdeep and Yang, Zongheng and Xiao, Ying and Chen, Zhifeng and Bengio, Samy and others},
  journal={arXiv preprint arXiv:1703.10135},
  year={2017}
}

@article{hsu2021hubert,
  title={Hubert: Self-supervised speech representation learning by masked prediction of hidden units},
  author={Hsu, Wei-Ning and Bolte, Benjamin and Tsai, Yao-Hung Hubert and Lakhotia, Kushal and Salakhutdinov, Ruslan and Mohamed, Abdelrahman},
  journal={IEEE/ACM transactions on audio, speech, and language processing},
  volume={29},
  pages={3451--3460},
  year={2021},
  publisher={IEEE}
}

@article{lipman2022flow,
  title={Flow matching for generative modeling},
  author={Lipman, Yaron and Chen, Ricky TQ and Ben-Hamu, Heli and Nickel, Maximilian and Le, Matt},
  journal={arXiv preprint arXiv:2210.02747},
  year={2022}
}

@article{hendrycks2016gaussian,
  title={Gaussian error linear units (gelus)},
  author={Hendrycks, Dan and Gimpel, Kevin},
  journal={arXiv preprint arXiv:1606.08415},
  year={2016}
}

@article{su2024roformer,
  title={Roformer: Enhanced transformer with rotary position embedding},
  author={Su, Jianlin and Ahmed, Murtadha and Lu, Yu and Pan, Shengfeng and Bo, Wen and Liu, Yunfeng},
  journal={Neurocomputing},
  volume={568},
  pages={127063},
  year={2024},
  publisher={Elsevier}
}

@article{zhang2019root,
  title={Root mean square layer normalization},
  author={Zhang, Biao and Sennrich, Rico},
  journal={Advances in Neural Information Processing Systems},
  volume={32},
  year={2019}
}

@article{he2024emilia,
  title={Emilia: An Extensive, Multilingual, and Diverse Speech Dataset for Large-Scale Speech Generation},
  author={He, Haorui and Shang, Zengqiang and Wang, Chaoren and Li, Xuyuan and Gu, Yicheng and Hua, Hua and Liu, Liwei and Yang, Chen and Li, Jiaqi and Shi, Peiyang and others},
  journal={arXiv preprint arXiv:2407.05361},
  year={2024}
}

@article{gao2023funasr,
  title={Funasr: A fundamental end-to-end speech recognition toolkit},
  author={Gao, Zhifu and Li, Zerui and Wang, Jiaming and Luo, Haoneng and Shi, Xian and Chen, Mengzhe and Li, Yabin and Zuo, Lingyun and Du, Zhihao and Xiao, Zhangyu and others},
  journal={arXiv preprint arXiv:2305.11013},
  year={2023}
}

@article{saeki2022utmos,
  title={Utmos: Utokyo-sarulab system for voicemos challenge 2022},
  author={Saeki, Takaaki and Xin, Detai and Nakata, Wataru and Koriyama, Tomoki and Takamichi, Shinnosuke and Saruwatari, Hiroshi},
  journal={arXiv preprint arXiv:2204.02152},
  year={2022}
}

@article{casanova2024xtts,
  title={XTTS: a Massively Multilingual Zero-Shot Text-to-Speech Model},
  author={Casanova, Edresson and Davis, Kelly and G{\"o}lge, Eren and G{\"o}knar, G{\"o}rkem and Gulea, Iulian and Hart, Logan and Aljafari, Aya and Meyer, Joshua and Morais, Reuben and Olayemi, Samuel and others},
  journal={arXiv preprint arXiv:2406.04904},
  year={2024}
}

@article{du2024cosyvoice,
  title={CosyVoice: A Scalable Multilingual Zero-shot Text-to-speech Synthesizer based on Supervised Semantic Tokens},
  author={Du, Zhihao and Chen, Qian and Zhang, Shiliang and Hu, Kai and Lu, Heng and Yang, Yexin and Hu, Hangrui and Zheng, Siqi and Gu, Yue and Ma, Ziyang and others},
  journal={arXiv preprint arXiv:2407.05407},
  year={2024}
}

@article{copet2024simple,
  title={Simple and controllable music generation},
  author={Copet, Jade and Kreuk, Felix and Gat, Itai and Remez, Tal and Kant, David and Synnaeve, Gabriel and Adi, Yossi and D{\'e}fossez, Alexandre},
  journal={Advances in Neural Information Processing Systems},
  volume={36},
  year={2024}
}

@article{gage1994new,
  title={A new algorithm for data compression},
  author={Gage, Philip},
  journal={The C Users Journal},
  volume={12},
  number={2},
  pages={23--38},
  year={1994},
  publisher={R \& D Publications, Inc. Lawrence, KS, USA}
}


@article{loshchilov2017decoupled,
  title={Decoupled weight decay regularization},
  author={Loshchilov, Ilya and Hutter, Frank},
  journal={arXiv preprint arXiv:1711.05101},
  year={2017}
}

@article{liu2022flow,
  title={Flow straight and fast: Learning to generate and transfer data with rectified flow},
  author={Liu, Xingchao and Gong, Chengyue and Liu, Qiang},
  journal={arXiv preprint arXiv:2209.03003},
  year={2022}
}

@article{kim2020glow,
  title={Glow-tts: A generative flow for text-to-speech via monotonic alignment search},
  author={Kim, Jaehyeon and Kim, Sungwon and Kong, Jungil and Yoon, Sungroh},
  journal={Advances in Neural Information Processing Systems},
  volume={33},
  pages={8067--8077},
  year={2020}
}

@article{yang2024simplespeech,
  title={SimpleSpeech: Towards Simple and Efficient Text-to-Speech with Scalar Latent Transformer Diffusion Models},
  author={Yang, Dongchao and Wang, Dingdong and Guo, Haohan and Chen, Xueyuan and Wu, Xixin and Meng, Helen},
  journal={arXiv preprint arXiv:2406.02328},
  year={2024}
}

@article{eskimez2024e2,
  title={E2 TTS: Embarrassingly Easy Fully Non-Autoregressive Zero-Shot TTS},
  author={Eskimez, Sefik Emre and Wang, Xiaofei and Thakker, Manthan and Li, Canrun and Tsai, Chung-Hsien and Xiao, Zhen and Yang, Hemin and Zhu, Zirun and Tang, Min and Tan, Xu and others},
  journal={arXiv preprint arXiv:2406.18009},
  year={2024}
}

@article{lee2024ditto,
  title={DiTTo-TTS: Efficient and Scalable Zero-Shot Text-to-Speech with Diffusion Transformer},
  author={Lee, Keon and Kim, Dong Won and Kim, Jaehyeon and Cho, Jaewoong},
  journal={arXiv preprint arXiv:2406.11427},
  year={2024}
}

@article{baevski2020wav2vec,
  title={wav2vec 2.0: A framework for self-supervised learning of speech representations},
  author={Baevski, Alexei and Zhou, Yuhao and Mohamed, Abdelrahman and Auli, Michael},
  journal={Advances in neural information processing systems},
  volume={33},
  pages={12449--12460},
  year={2020}
}

@inproceedings{du2024unicats,
  title={UniCATS: A unified context-aware text-to-speech framework with contextual vq-diffusion and vocoding},
  author={Du, Chenpeng and Guo, Yiwei and Shen, Feiyu and Liu, Zhijun and Liang, Zheng and Chen, Xie and Wang, Shuai and Zhang, Hui and Yu, Kai},
  booktitle={Proceedings of the AAAI Conference on Artificial Intelligence},
  volume={38},
  number={16},
  pages={17924--17932},
  year={2024}
}

@inproceedings{zhou2021seen,
  title={Seen and unseen emotional style transfer for voice conversion with a new emotional speech dataset},
  author={Zhou, Kun and Sisman, Berrak and Liu, Rui and Li, Haizhou},
  booktitle={ICASSP 2021-2021 IEEE International Conference on Acoustics, Speech and Signal Processing (ICASSP)},
  pages={920--924},
  year={2021},
  organization={IEEE}
}

@article{mentzer2023finite,
  title={Finite scalar quantization: Vq-vae made simple},
  author={Mentzer, Fabian and Minnen, David and Agustsson, Eirikur and Tschannen, Michael},
  journal={arXiv preprint arXiv:2309.15505},
  year={2023}
}

@article{zhao2018l2,
  title={L2-arctic: A non-native english speech corpus},
  author={Zhao, Guanlong and Chukharev-Hudilainen, Evgeny and Sonsaat, Sinem and Silpachai, Alif and Lucic, Ivana and Gutierrez-Osuna, Ricardo and Levis, John},
  year={2018}
}

@inproceedings{xue2024convert,
  title={Convert and Speak: Zero-shot Accent Conversion with Minimum Supervision},
  author={Xue, Huaying and Peng, Xiulian and Lu, Yan and others},
  booktitle={ACM Multimedia 2024}
}

@inproceedings{qian2019autovc,
  title={Autovc: Zero-shot voice style transfer with only autoencoder loss},
  author={Qian, Kaizhi and Zhang, Yang and Chang, Shiyu and Yang, Xuesong and Hasegawa-Johnson, Mark},
  booktitle={International Conference on Machine Learning},
  pages={5210--5219},
  year={2019},
  organization={PMLR}
}

@article{ma2023emotion2vec,
  title={emotion2vec: Self-supervised pre-training for speech emotion representation},
  author={Ma, Ziyang and Zheng, Zhisheng and Ye, Jiaxin and Li, Jinchao and Gao, Zhifu and Zhang, Shiliang and Chen, Xie},
  journal={arXiv preprint arXiv:2312.15185},
  year={2023}
}

@article{achiam2023gpt,
  title={Gpt-4 technical report},
  author={Achiam, Josh and Adler, Steven and Agarwal, Sandhini and Ahmad, Lama and Akkaya, Ilge and Aleman, Florencia Leoni and Almeida, Diogo and Altenschmidt, Janko and Altman, Sam and Anadkat, Shyamal and others},
  journal={arXiv preprint arXiv:2303.08774},
  year={2023}
}

@article{guo2024fireredtts,
  title={FireRedTTS: A Foundation Text-To-Speech Framework for Industry-Level Generative Speech Applications},
  author={Guo, Hao-Han and Liu, Kun and Shen, Fei-Yu and Wu, Yi-Chen and Xie, Feng-Long and Xie, Kun and Xu, Kai-Tuo},
  journal={arXiv preprint arXiv:2409.03283},
  year={2024}
}

@article{borsos2023audiolm,
  title={Audiolm: a language modeling approach to audio generation},
  author={Borsos, Zal{\'a}n and Marinier, Rapha{\"e}l and Vincent, Damien and Kharitonov, Eugene and Pietquin, Olivier and Sharifi, Matt and Roblek, Dominik and Teboul, Olivier and Grangier, David and Tagliasacchi, Marco and others},
  journal={IEEE/ACM transactions on audio, speech, and language processing},
  volume={31},
  pages={2523--2533},
  year={2023},
  publisher={IEEE}
}

@article{zhang2023speechtokenizer,
  title={Speechtokenizer: Unified speech tokenizer for speech large language models},
  author={Zhang, Xin and Zhang, Dong and Li, Shimin and Zhou, Yaqian and Qiu, Xipeng},
  journal={arXiv preprint arXiv:2308.16692},
  year={2023}
}

@article{wang2024maskgct,
  title={MaskGCT: Zero-shot text-to-speech with masked generative codec transformer},
  author={Wang, Yuancheng and Zhan, Haoyue and Liu, Liwei and Zeng, Ruihong and Guo, Haotian and Zheng, Jiachen and Zhang, Qiang and Zhang, Shunsi and Wu, Zhizheng},
  journal={arXiv preprint arXiv:2409.00750},
  year={2024}
}

@article{pascual2017segan,
  title={SEGAN: Speech enhancement generative adversarial network},
  author={Pascual, Santiago and Bonafonte, Antonio and Serra, Joan},
  journal={arXiv preprint arXiv:1703.09452},
  year={2017}
}

@article{fu2021metricgan+,
  title={Metricgan+: An improved version of metricgan for speech enhancement},
  author={Fu, Szu-Wei and Yu, Cheng and Hsieh, Tsun-An and Plantinga, Peter and Ravanelli, Mirco and Lu, Xugang and Tsao, Yu},
  journal={arXiv preprint arXiv:2104.03538},
  year={2021}
}

@article{liu2021voicefixer,
  title={VoiceFixer: Toward general speech restoration with neural vocoder},
  author={Liu, Haohe and Kong, Qiuqiang and Tian, Qiao and Zhao, Yan and Wang, DeLiang and Huang, Chuanzeng and Wang, Yuxuan},
  journal={arXiv preprint arXiv:2109.13731},
  year={2021}
}

@article{choi2023diff,
  title={Diff-HierVC: Diffusion-based hierarchical voice conversion with robust pitch generation and masked prior for zero-shot speaker adaptation},
  author={Choi, Ha-Yeong and Lee, Sang-Hoon and Lee, Seong-Whan},
  journal={International Speech Communication Association},
  pages={2283--2287},
  year={2023}
}

@article{mohammadi2017overview,
  title={An overview of voice conversion systems},
  author={Mohammadi, Seyed Hamidreza and Kain, Alexander},
  journal={Speech Communication},
  volume={88},
  pages={65--82},
  year={2017},
  publisher={Elsevier}
}

@article{xie2024show,
  title={Show-o: One single transformer to unify multimodal understanding and generation},
  author={Xie, Jinheng and Mao, Weijia and Bai, Zechen and Zhang, David Junhao and Wang, Weihao and Lin, Kevin Qinghong and Gu, Yuchao and Chen, Zhijie and Yang, Zhenheng and Shou, Mike Zheng},
  journal={arXiv preprint arXiv:2408.12528},
  year={2024}
}

@inproceedings{he2022masked,
  title={Masked autoencoders are scalable vision learners},
  author={He, Kaiming and Chen, Xinlei and Xie, Saining and Li, Yanghao and Doll{\'a}r, Piotr and Girshick, Ross},
  booktitle={Proceedings of the IEEE/CVF conference on computer vision and pattern recognition},
  pages={16000--16009},
  year={2022}
}

@article{devlin2018bert,
  title={Bert: Pre-training of deep bidirectional transformers for language understanding},
  author={Devlin, Jacob},
  journal={arXiv preprint arXiv:1810.04805},
  year={2018}
}

@article{liu2022voicefixer,
  title={Voicefixer: A unified framework for high-fidelity speech restoration},
  author={Liu, Haohe and Liu, Xubo and Kong, Qiuqiang and Tian, Qiao and Zhao, Yan and Wang, DeLiang and Huang, Chuanzeng and Wang, Yuxuan},
  journal={arXiv preprint arXiv:2204.05841},
  year={2022}
}

@article{wang2023tf,
  title={TF-GridNet: Integrating full-and sub-band modeling for speech separation},
  author={Wang, Zhong-Qiu and Cornell, Samuele and Choi, Shukjae and Lee, Younglo and Kim, Byeong-Yeol and Watanabe, Shinji},
  journal={IEEE/ACM Transactions on Audio, Speech, and Language Processing},
  year={2023},
  publisher={IEEE}
}

@article{choi2023intelligible,
  title={Intelligible lip-to-speech synthesis with speech units},
  author={Choi, Jeongsoo and Kim, Minsu and Ro, Yong Man},
  journal={arXiv preprint arXiv:2305.19603},
  year={2023}
}

@inproceedings{kim2023lip,
  title={Lip-to-speech synthesis in the wild with multi-task learning},
  author={Kim, Minsu and Hong, Joanna and Ro, Yong Man},
  booktitle={ICASSP 2023-2023 IEEE International Conference on Acoustics, Speech and Signal Processing (ICASSP)},
  pages={1--5},
  year={2023},
  organization={IEEE}
}

@article{hu2021lora,
  title={Lora: Low-rank adaptation of large language models},
  author={Hu, Edward J and Shen, Yelong and Wallis, Phillip and Allen-Zhu, Zeyuan and Li, Yuanzhi and Wang, Shean and Wang, Lu and Chen, Weizhu},
  journal={arXiv preprint arXiv:2106.09685},
  year={2021}
}

@article{wang2024wesep,
  title={Wesep: A scalable and flexible toolkit towards generalizable target speaker extraction},
  author={Wang, Shuai and Zhang, Ke and Lin, Shaoxiong and Li, Junjie and Wang, Xuefei and Ge, Meng and Yu, Jianwei and Qian, Yanmin and Li, Haizhou},
  journal={arXiv preprint arXiv:2409.15799},
  year={2024}
}

@article{yang2023uniaudio,
  title={Uniaudio: An audio foundation model toward universal audio generation},
  author={Yang, Dongchao and Tian, Jinchuan and Tan, Xu and Huang, Rongjie and Liu, Songxiang and Chang, Xuankai and Shi, Jiatong and Zhao, Sheng and Bian, Jiang and Wu, Xixin and others},
  journal={arXiv preprint arXiv:2310.00704},
  year={2023}
}

@article{wang2024speechx,
  title={Speechx: Neural codec language model as a versatile speech transformer},
  author={Wang, Xiaofei and Thakker, Manthan and Chen, Zhuo and Kanda, Naoyuki and Eskimez, Sefik Emre and Chen, Sanyuan and Tang, Min and Liu, Shujie and Li, Jinyu and Yoshioka, Takuya},
  journal={IEEE/ACM Transactions on Audio, Speech, and Language Processing},
  year={2024},
  publisher={IEEE}
}

@article{wang2018voicefilter,
  title={Voicefilter: Targeted voice separation by speaker-conditioned spectrogram masking},
  author={Wang, Quan and Muckenhirn, Hannah and Wilson, Kevin and Sridhar, Prashant and Wu, Zelin and Hershey, John and Saurous, Rif A and Weiss, Ron J and Jia, Ye and Moreno, Ignacio Lopez},
  journal={arXiv preprint arXiv:1810.04826},
  year={2018}
}

@article{wichern2019wham,
  title={Wham!: Extending speech separation to noisy environments},
  author={Wichern, Gordon and Antognini, Joe and Flynn, Michael and Zhu, Licheng Richard and McQuinn, Emmett and Crow, Dwight and Manilow, Ethan and Roux, Jonathan Le},
  journal={arXiv preprint arXiv:1907.01160},
  year={2019}
}

@inproceedings{thiemann2013diverse,
  title={The diverse environments multi-channel acoustic noise database (demand): A database of multichannel environmental noise recordings},
  author={Thiemann, Joachim and Ito, Nobutaka and Vincent, Emmanuel},
  booktitle={Proceedings of Meetings on Acoustics},
  volume={19},
  number={1},
  year={2013},
  organization={AIP Publishing}
}

@inproceedings{ko2017study,
  title={A study on data augmentation of reverberant speech for robust speech recognition},
  author={Ko, Tom and Peddinti, Vijayaditya and Povey, Daniel and Seltzer, Michael L and Khudanpur, Sanjeev},
  booktitle={2017 IEEE international conference on acoustics, speech and signal processing (ICASSP)},
  pages={5220--5224},
  year={2017},
  organization={IEEE}
}

@article{wang2023lm,
  title={Lm-vc: Zero-shot voice conversion via speech generation based on language models},
  author={Wang, Zhichao and Chen, Yuanzhe and Xie, Lei and Tian, Qiao and Wang, Yuping},
  journal={IEEE Signal Processing Letters},
  year={2023},
  publisher={IEEE}
}

@article{lee2023hierspeech++,
  title={Hierspeech++: Bridging the gap between semantic and acoustic representation of speech by hierarchical variational inference for zero-shot speech synthesis},
  author={Lee, Sang-Hoon and Choi, Ha-Yeong and Kim, Seung-Bin and Lee, Seong-Whan},
  journal={arXiv preprint arXiv:2311.12454},
  year={2023}
}

@article{vaswani2017attention,
  title={Attention is all you need},
  author={Vaswani, A},
  journal={Advances in Neural Information Processing Systems},
  year={2017}
}

@article{veaux2017cstr,
  title={CSTR VCTK corpus: English multi-speaker corpus for CSTR voice cloning toolkit},
  author={Veaux, Christophe and Yamagishi, Junichi and MacDonald, Kirsten and others},
  journal={University of Edinburgh. The Centre for Speech Technology Research (CSTR)},
  volume={6},
  pages={15},
  year={2017}
}

@inproceedings{reddy2021dnsmos,
  title={DNSMOS: A non-intrusive perceptual objective speech quality metric to evaluate noise suppressors},
  author={Reddy, Chandan KA and Gopal, Vishak and Cutler, Ross},
  booktitle={ICASSP 2021-2021 IEEE International Conference on Acoustics, Speech and Signal Processing (ICASSP)},
  pages={6493--6497},
  year={2021},
  organization={IEEE}
}


@article{mittag2021nisqa,
  title={NISQA: A deep CNN-self-attention model for multidimensional speech quality prediction with crowdsourced datasets},
  author={Mittag, Gabriel and Naderi, Babak and Chehadi, Assmaa and M{\"o}ller, Sebastian},
  journal={arXiv preprint arXiv:2104.09494},
  year={2021}
}

@article{dubey2024icassp,
  title={Icassp 2023 deep noise suppression challenge},
  author={Dubey, Harishchandra and Aazami, Ashkan and Gopal, Vishak and Naderi, Babak and Braun, Sebastian and Cutler, Ross and Ju, Alex and Zohourian, Mehdi and Tang, Min and Golestaneh, Mehrsa and others},
  journal={IEEE Open Journal of Signal Processing},
  year={2024},
  publisher={IEEE}
}

@article{tang2024tselm,
  title={TSELM: Target Speaker Extraction using Discrete Tokens and Language Models},
  author={Tang, Beilong and Zeng, Bang and Li, Ming},
  journal={arXiv preprint arXiv:2409.07841},
  year={2024}
}

@article{cosentino2020librimix,
  title={Librimix: An open-source dataset for generalizable speech separation},
  author={Cosentino, Joris and Pariente, Manuel and Cornell, Samuele and Deleforge, Antoine and Vincent, Emmanuel},
  journal={arXiv preprint arXiv:2005.11262},
  year={2020}
}

@inproceedings{wang2024selm,
  title={SELM: Speech enhancement using discrete tokens and language models},
  author={Wang, Ziqian and Zhu, Xinfa and Zhang, Zihan and Lv, YuanJun and Jiang, Ning and Zhao, Guoqing and Xie, Lei},
  booktitle={ICASSP 2024-2024 IEEE International Conference on Acoustics, Speech and Signal Processing (ICASSP)},
  pages={11561--11565},
  year={2024},
  organization={IEEE}
}

@inproceedings{radford2023robust,
  title={Robust speech recognition via large-scale weak supervision},
  author={Radford, Alec and Kim, Jong Wook and Xu, Tao and Brockman, Greg and McLeavey, Christine and Sutskever, Ilya},
  booktitle={International conference on machine learning},
  pages={28492--28518},
  year={2023},
  organization={PMLR}
}

@article{gao2022paraformer,
  title={Paraformer: Fast and accurate parallel transformer for non-autoregressive end-to-end speech recognition},
  author={Gao, Zhifu and Zhang, Shiliang and McLoughlin, Ian and Yan, Zhijie},
  journal={arXiv preprint arXiv:2206.08317},
  year={2022}
}


@article{chuang2019speechbert,
  title={Speechbert: An audio-and-text jointly learned language model for end-to-end spoken question answering},
  author={Chuang, Yung-Sung and Liu, Chi-Liang and Lee, Hung-Yi and Lee, Lin-shan},
  journal={arXiv preprint arXiv:1910.11559},
  year={2019}
}

@article{saeki2024speechbertscore,
  title={SpeechBERTScore: Reference-Aware Automatic Evaluation of Speech Generation Leveraging NLP Evaluation Metrics},
  author={Saeki, Takaaki and Maiti, Soumi and Takamichi, Shinnosuke and Watanabe, Shinji and Saruwatari, Hiroshi},
  journal={arXiv preprint arXiv:2401.16812},
  year={2024}
}

@article{zhang2019bertscore,
  title={Bertscore: Evaluating text generation with bert},
  author={Zhang, Tianyi and Kishore, Varsha and Wu, Felix and Weinberger, Kilian Q and Artzi, Yoav},
  journal={arXiv preprint arXiv:1904.09675},
  year={2019}
}

@article{anastassiou2024voiceshop,
  title={VoiceShop: A Unified Speech-to-Speech Framework for Identity-Preserving Zero-Shot Voice Editing},
  author={Anastassiou, Philip and Tang, Zhenyu and Peng, Kainan and Jia, Dongya and Li, Jiaxin and Tu, Ming and Wang, Yuping and Wang, Yuxuan and Ma, Mingbo},
  journal={arXiv preprint arXiv:2404.06674},
  year={2024}
}

@inproceedings{chen2023streaming,
  title={Streaming voice conversion via intermediate bottleneck features and non-streaming teacher guidance},
  author={Chen, Yuanzhe and Tu, Ming and Li, Tang and Li, Xin and Kong, Qiuqiang and Li, Jiaxin and Wang, Zhichao and Tian, Qiao and Wang, Yuping and Wang, Yuxuan},
  booktitle={ICASSP 2023-2023 IEEE International Conference on Acoustics, Speech and Signal Processing (ICASSP)},
  pages={1--5},
  year={2023},
  organization={IEEE}
}

@article{jia2022zero,
  title={Zero-Shot Accent Conversion using Pseudo Siamese Disentanglement Network},
  author={Jia, Dongya and Tian, Qiao and Peng, Kainan and Li, Jiaxin and Chen, Yuanzhe and Ma, Mingbo and Wang, Yuping and Wang, Yuxuan},
  journal={arXiv preprint arXiv:2212.05751},
  year={2022}
}

@article{neekhara2023selfvc,
  title={SelfVC: Voice Conversion With Iterative Refinement using Self Transformations},
  author={Neekhara, Paarth and Hussain, Shehzeen and Valle, Rafael and Ginsburg, Boris and Ranjan, Rishabh and Dubnov, Shlomo and Koushanfar, Farinaz and McAuley, Julian},
  journal={arXiv preprint arXiv:2310.09653},
  year={2023}
}

@article{baas2023voice,
  title={Voice conversion with just nearest neighbors},
  author={Baas, Matthew and van Niekerk, Benjamin and Kamper, Herman},
  journal={arXiv preprint arXiv:2305.18975},
  year={2023}
}

@article{qin2023openvoice,
  title={Openvoice: Versatile instant voice cloning},
  author={Qin, Zengyi and Zhao, Wenliang and Yu, Xumin and Sun, Xin},
  journal={arXiv preprint arXiv:2312.01479},
  year={2023}
}

@inproceedings{variani2014deep,
  title={Deep neural networks for small footprint text-dependent speaker verification},
  author={Variani, Ehsan and Lei, Xin and McDermott, Erik and Moreno, Ignacio Lopez and Gonzalez-Dominguez, Javier},
  booktitle={2014 IEEE international conference on acoustics, speech and signal processing (ICASSP)},
  pages={4052--4056},
  year={2014},
  organization={IEEE}
}

@inproceedings{wan2018generalized,
  title={Generalized end-to-end loss for speaker verification},
  author={Wan, Li and Wang, Quan and Papir, Alan and Moreno, Ignacio Lopez},
  booktitle={2018 IEEE International Conference on Acoustics, Speech and Signal Processing (ICASSP)},
  pages={4879--4883},
  year={2018},
  organization={IEEE}
}

@article{bao2021beit,
  title={Beit: Bert pre-training of image transformers},
  author={Bao, Hangbo and Dong, Li and Piao, Songhao and Wei, Furu},
  journal={arXiv preprint arXiv:2106.08254},
  year={2021}
}

@article{zhang2023google,
  title={Google usm: Scaling automatic speech recognition beyond 100 languages},
  author={Zhang, Yu and Han, Wei and Qin, James and Wang, Yongqiang and Bapna, Ankur and Chen, Zhehuai and Chen, Nanxin and Li, Bo and Axelrod, Vera and Wang, Gary and others},
  journal={arXiv preprint arXiv:2303.01037},
  year={2023}
}

@inproceedings{chiu2022self,
  title={Self-supervised learning with random-projection quantizer for speech recognition},
  author={Chiu, Chung-Cheng and Qin, James and Zhang, Yu and Yu, Jiahui and Wu, Yonghui},
  booktitle={International Conference on Machine Learning},
  pages={3915--3924},
  year={2022},
  organization={PMLR}
}

@article{liu2024audioldm,
  title={Audioldm 2: Learning holistic audio generation with self-supervised pretraining},
  author={Liu, Haohe and Yuan, Yi and Liu, Xubo and Mei, Xinhao and Kong, Qiuqiang and Tian, Qiao and Wang, Yuping and Wang, Wenwu and Wang, Yuxuan and Plumbley, Mark D},
  journal={IEEE/ACM Transactions on Audio, Speech, and Language Processing},
  year={2024},
  publisher={IEEE}
}

@article{liu2024semanticodec,
  title={SemantiCodec: An Ultra Low Bitrate Semantic Audio Codec for General Sound},
  author={Liu, Haohe and Xu, Xuenan and Yuan, Yi and Wu, Mengyue and Wang, Wenwu and Plumbley, Mark D},
  journal={arXiv preprint arXiv:2405.00233},
  year={2024}
}

@inproceedings{kirillov2023segment,
  title={Segment anything},
  author={Kirillov, Alexander and Mintun, Eric and Ravi, Nikhila and Mao, Hanzi and Rolland, Chloe and Gustafson, Laura and Xiao, Tete and Whitehead, Spencer and Berg, Alexander C and Lo, Wan-Yen and others},
  booktitle={Proceedings of the IEEE/CVF International Conference on Computer Vision},
  pages={4015--4026},
  year={2023}
}

@article{radford2019language,
  title={Language models are unsupervised multitask learners},
  author={Radford, Alec and Wu, Jeffrey and Child, Rewon and Luan, David and Amodei, Dario and Sutskever, Ilya and others},
  journal={OpenAI blog},
  volume={1},
  number={8},
  pages={9},
  year={2019}
}


@inproceedings{48008,title	= {LibriTTS: A Corpus Derived from LibriSpeech for Text-to-Speech},author	= {Heiga Zen and Rob Clark and Ron J. Weiss and Viet Dang and Ye Jia and Yonghui Wu and Yu Zhang and Zhifeng Chen},year	= {2019},URL	= {https://arxiv.org/abs/1904.02882},booktitle	= {Interspeech}}


@inproceedings{esser2021taming,
  title={Taming transformers for high-resolution image synthesis},
  author={Esser, Patrick and Rombach, Robin and Ommer, Bjorn},
  booktitle={Proceedings of the IEEE/CVF conference on computer vision and pattern recognition},
  pages={12873--12883},
  year={2021}
}

@article{vyas2023audiobox,
  title={Audiobox: Unified audio generation with natural language prompts},
  author={Vyas, Apoorv and Shi, Bowen and Le, Matthew and Tjandra, Andros and Wu, Yi-Chiao and Guo, Baishan and Zhang, Jiemin and Zhang, Xinyue and Adkins, Robert and Ngan, William and others},
  journal={arXiv preprint arXiv:2312.15821},
  year={2023}
}

@article{liu2023generative,
  title={Generative pre-training for speech with flow matching},
  author={Liu, Alexander H and Le, Matt and Vyas, Apoorv and Shi, Bowen and Tjandra, Andros and Hsu, Wei-Ning},
  journal={arXiv preprint arXiv:2310.16338},
  year={2023}
}

@inproceedings{ma2023auto,
  title={Auto-avsr: Audio-visual speech recognition with automatic labels},
  author={Ma, P. and Haliassos, A. and Fernandez-Lopez, A. and Chen, H. and Petridis, S. and Pantic, M.},
  booktitle={ICASSP 2023-2023 IEEE International Conference on Acoustics, Speech and Signal Processing (ICASSP)},
  pages={1-5},
  year={2023},
  organization={IEEE}
}

@article{pratap2020mls,
  title={Mls: A large-scale multilingual dataset for speech research},
  author={Pratap, Vineel and Xu, Qiantong and Sriram, Anuroop and Synnaeve, Gabriel and Collobert, Ronan},
  journal={arXiv preprint arXiv:2012.03411},
  year={2020}
}

@article{zen2019libritts,
  title={Libritts: A corpus derived from librispeech for text-to-speech},
  author={Zen, Heiga and Dang, Viet and Clark, Rob and Zhang, Yu and Weiss, Ron J and Jia, Ye and Chen, Zhifeng and Wu, Yonghui},
  journal={arXiv preprint arXiv:1904.02882},
  year={2019}
}

@article{nagrani2017voxceleb,
  title={Voxceleb: a large-scale speaker identification dataset},
  author={Nagrani, Arsha and Chung, Joon Son and Zisserman, Andrew},
  journal={arXiv preprint arXiv:1706.08612},
  year={2017}
}

@article{diakogiannis2020resunet,
  title={ResUNet-a: A deep learning framework for semantic segmentation of remotely sensed data},
  author={Diakogiannis, Foivos I and Waldner, Fran{\c{c}}ois and Caccetta, Peter and Wu, Chen},
  journal={ISPRS Journal of Photogrammetry and Remote Sensing},
  volume={162},
  pages={94--114},
  year={2020},
  publisher={Elsevier}
}

@article{chen2021gigaspeech,
  title={Gigaspeech: An evolving, multi-domain asr corpus with 10,000 hours of transcribed audio},
  author={Chen, Guoguo and Chai, Shuzhou and Wang, Guanbo and Du, Jiayu and Zhang, Wei-Qiang and Weng, Chao and Su, Dan and Povey, Daniel and Trmal, Jan and Zhang, Junbo and others},
  journal={arXiv preprint arXiv:2106.06909},
  year={2021}
}

@article{vevo,
  title={Vevo: Controllable Zero-Shot Voice Imitation with Self-Supervised Disentanglement},
  author={Xueyao Zhang and Xiaohui Zhang and Kainan Peng and Zhenyu Tang and Vimal Manohar and Yingru Liu and Jeff Hwang and Dangna Li and Yuhao Wang and Julian Chan and Yuan Huang and Zhizheng Wu and Mingbo Ma},
  journal={OpenReview},
  year={2024}
}

@inproceedings{nguyen2024convoifilter,
  title={Convoifilter: A case study of doing cocktail party speech recognition},
  author={Nguyen, Thai-Binh and Waibel, Alexander},
  booktitle={2024 IEEE International Conference on Acoustics, Speech, and Signal Processing Workshops (ICASSPW)},
  pages={565--569},
  year={2024},
  organization={IEEE}
}