@article{borsos2023audiolm,
  title={Audiolm: a language modeling approach to audio generation},
  author={Borsos, Zal{\'a}n and Marinier, Rapha{\"e}l and Vincent, Damien and Kharitonov, Eugene and Pietquin, Olivier and Sharifi, Matt and Roblek, Dominik and Teboul, Olivier and Grangier, David and Tagliasacchi, Marco and others},
  journal={IEEE/ACM transactions on audio, speech, and language processing},
  volume={31},
  pages={2523--2533},
  year={2023},
  publisher={IEEE}
}

@article{borsos2023soundstorm,
  title={Soundstorm: Efficient parallel audio generation},
  author={Borsos, Zal{\'a}n and Sharifi, Matt and Vincent, Damien and Kharitonov, Eugene and Zeghidour, Neil and Tagliasacchi, Marco},
  journal={arXiv preprint arXiv:2305.09636},
  year={2023}
}

@inproceedings{chang2022maskgit,
  title={Maskgit: Masked generative image transformer},
  author={Chang, Huiwen and Zhang, Han and Jiang, Lu and Liu, Ce and Freeman, William T},
  booktitle={Proceedings of the IEEE/CVF Conference on Computer Vision and Pattern Recognition},
  pages={11315--11325},
  year={2022}
}

@article{chang2023muse,
  title={Muse: Text-to-image generation via masked generative transformers},
  author={Chang, Huiwen and Zhang, Han and Barber, Jarred and Maschinot, AJ and Lezama, Jose and Jiang, Lu and Yang, Ming-Hsuan and Murphy, Kevin and Freeman, William T and Rubinstein, Michael and others},
  journal={arXiv preprint arXiv:2301.00704},
  year={2023}
}

@article{ju2024naturalspeech,
  title={NaturalSpeech 3: Zero-shot speech synthesis with factorized codec and diffusion models},
  author={Ju, Zeqian and Wang, Yuancheng and Shen, Kai and Tan, Xu and Xin, Detai and Yang, Dongchao and Liu, Yanqing and Leng, Yichong and Song, Kaitao and Tang, Siliang and others},
  journal={arXiv preprint arXiv:2403.03100},
  year={2024}
}

@article{le2024voicebox,
  title={Voicebox: Text-guided multilingual universal speech generation at scale},
  author={Le, Matthew and Vyas, Apoorv and Shi, Bowen and Karrer, Brian and Sari, Leda and Moritz, Rashel and Williamson, Mary and Manohar, Vimal and Adi, Yossi and Mahadeokar, Jay and others},
  journal={Advances in neural information processing systems},
  volume={36},
  year={2024}
}

@article{li2024masksr,
  title={MaskSR: Masked Language Model for Full-band Speech Restoration},
  author={Li, Xu and Wang, Qirui and Liu, Xiaoyu},
  journal={arXiv preprint arXiv:2406.02092},
  year={2024}
}

@article{lipman2022flow,
  title={Flow matching for generative modeling},
  author={Lipman, Yaron and Chen, Ricky TQ and Ben-Hamu, Heli and Nickel, Maximilian and Le, Matt},
  journal={arXiv preprint arXiv:2210.02747},
  year={2022}
}

@article{liu2023generative,
  title={Generative pre-training for speech with flow matching},
  author={Liu, Alexander H and Le, Matt and Vyas, Apoorv and Shi, Bowen and Tjandra, Andros and Hsu, Wei-Ning},
  journal={arXiv preprint arXiv:2310.16338},
  year={2023}
}

@article{vaswani2017attention,
  title={Attention is all you need},
  author={Vaswani, A},
  journal={Advances in Neural Information Processing Systems},
  year={2017}
}

@article{vyas2023audiobox,
  title={Audiobox: Unified audio generation with natural language prompts},
  author={Vyas, Apoorv and Shi, Bowen and Le, Matthew and Tjandra, Andros and Wu, Yi-Chiao and Guo, Baishan and Zhang, Jiemin and Zhang, Xinyue and Adkins, Robert and Ngan, William and others},
  journal={arXiv preprint arXiv:2312.15821},
  year={2023}
}

@article{wang2024maskgct,
  title={MaskGCT: Zero-shot text-to-speech with masked generative codec transformer},
  author={Wang, Yuancheng and Zhan, Haoyue and Liu, Liwei and Zeng, Ruihong and Guo, Haotian and Zheng, Jiachen and Zhang, Qiang and Zhang, Shunsi and Wu, Zhizheng},
  journal={arXiv preprint arXiv:2409.00750},
  year={2024}
}

@article{wang2024speechx,
  title={Speechx: Neural codec language model as a versatile speech transformer},
  author={Wang, Xiaofei and Thakker, Manthan and Chen, Zhuo and Kanda, Naoyuki and Eskimez, Sefik Emre and Chen, Sanyuan and Tang, Min and Liu, Shujie and Li, Jinyu and Yoshioka, Takuya},
  journal={IEEE/ACM Transactions on Audio, Speech, and Language Processing},
  year={2024},
  publisher={IEEE}
}

@article{xie2024show,
  title={Show-o: One single transformer to unify multimodal understanding and generation},
  author={Xie, Jinheng and Mao, Weijia and Bai, Zechen and Zhang, David Junhao and Wang, Weihao and Lin, Kevin Qinghong and Gu, Yuchao and Chen, Zhijie and Yang, Zhenheng and Shou, Mike Zheng},
  journal={arXiv preprint arXiv:2408.12528},
  year={2024}
}

@article{yang2023uniaudio,
  title={Uniaudio: An audio foundation model toward universal audio generation},
  author={Yang, Dongchao and Tian, Jinchuan and Tan, Xu and Huang, Rongjie and Liu, Songxiang and Chang, Xuankai and Shi, Jiatong and Zhao, Sheng and Bian, Jiang and Wu, Xixin and others},
  journal={arXiv preprint arXiv:2310.00704},
  year={2023}
}

@article{yu2023language,
  title={Language Model Beats Diffusion--Tokenizer is Key to Visual Generation},
  author={Yu, Lijun and Lezama, Jos{\'e} and Gundavarapu, Nitesh B and Versari, Luca and Sohn, Kihyuk and Minnen, David and Cheng, Yong and Gupta, Agrim and Gu, Xiuye and Hauptmann, Alexander G and others},
  journal={arXiv preprint arXiv:2310.05737},
  year={2023}
}

@inproceedings{yu2023magvit,
  title={Magvit: Masked generative video transformer},
  author={Yu, Lijun and Cheng, Yong and Sohn, Kihyuk and Lezama, Jos{\'e} and Zhang, Han and Chang, Huiwen and Hauptmann, Alexander G and Yang, Ming-Hsuan and Hao, Yuan and Essa, Irfan and others},
  booktitle={Proceedings of the IEEE/CVF Conference on Computer Vision and Pattern Recognition},
  pages={10459--10469},
  year={2023}
}

@article{zeghidour2021soundstream,
  title={Soundstream: An end-to-end neural audio codec},
  author={Zeghidour, Neil and Luebs, Alejandro and Omran, Ahmed and Skoglund, Jan and Tagliasacchi, Marco},
  journal={IEEE/ACM Transactions on Audio, Speech, and Language Processing},
  volume={30},
  pages={495--507},
  year={2021},
  publisher={IEEE}
}

