@inproceedings{caronEmergingPropertiesSelfSupervised2021,
  title = {Emerging {{Properties}} in {{Self-Supervised Vision Transformers}}},
  author = {Caron, Mathilde and Touvron, Hugo and Misra, Ishan and Jégou, Hervé and Mairal, Julien and Bojanowski, Piotr and Joulin, Armand},
  year = {2021},
  pages = {9650--9660},
  url = {https://openaccess.thecvf.com/content/ICCV2021/html/Caron_Emerging_Properties_in_Self-Supervised_Vision_Transformers_ICCV_2021_paper},
  urldate = {2024-09-03},
  booktitle = {Proceedings of the {{IEEE}}/{{CVF International Conference}} on {{Computer Vision}}},
  langid = {english}
}

@article{cerqueiraSTUDDStudentTeacher2023,
  title = {{{STUDD}}: A Student–Teacher Method for Unsupervised Concept Drift Detection},
  shorttitle = {{{STUDD}}},
  author = {Cerqueira, Vitor and Gomes, Heitor Murilo and Bifet, Albert and Torgo, Luis},
  year = {2023},
  journaltitle = {Machine Learning},
  shortjournal = {Mach Learn},
  volume = {112},
  number = {11},
  pages = {4351--4378},
  issn = {1573-0565},
  doi = {10.1007/s10994-022-06188-7},
  url = {https://doi.org/10.1007/s10994-022-06188-7},
  urldate = {2024-03-04},
  langid = {english}
}

@inproceedings{chenEmpiricalStudyTraining2021,
  title = {An {{Empirical Study}} of {{Training Self-Supervised Vision Transformers}}},
  author = {Chen, Xinlei and Xie, Saining and He, Kaiming},
  year = {2021},
  pages = {9640--9649},
  url = {https://openaccess.thecvf.com/content/ICCV2021/html/Chen_An_Empirical_Study_of_Training_Self-Supervised_Vision_Transformers_ICCV_2021_paper.html},
  urldate = {2024-09-03},
  booktitle = {Proceedings of the {{IEEE}}/{{CVF International Conference}} on {{Computer Vision}}},
  langid = {english}
}

@inproceedings{chenExploringSimpleSiamese2021,
  title = {Exploring {{Simple Siamese Representation Learning}}},
  author = {Chen, Xinlei and He, Kaiming},
  year = {2021},
  pages = {15750--15758},
  url = {https://openaccess.thecvf.com/content/CVPR2021/html/Chen_Exploring_Simple_Siamese_Representation_Learning_CVPR_2021_paper.html},
  urldate = {2025-01-12},
  booktitle = {Proceedings of the {{IEEE}}/{{CVF Conference}} on {{Computer Vision}} and {{Pattern Recognition}}},
  langid = {english}
}

@inproceedings{chenSimpleFrameworkContrastive2020,
  title = {A {{Simple Framework}} for {{Contrastive Learning}} of {{Visual Representations}}},
  booktitle = {Proceedings of the 37th {{International Conference}} on {{Machine Learning}}},
  author = {Chen, Ting and Kornblith, Simon and Norouzi, Mohammad and Hinton, Geoffrey},
  year = {2020},
  pages = {1597--1607},
  publisher = {PMLR},
  url = {https://proceedings.mlr.press/v119/chen20j.html},
  urldate = {2024-08-30},
  eventtitle = {International {{Conference}} on {{Machine Learning}}},
  langid = {english}
}

@article{choiC2LCausallyContrastive2022,
  title = {{{C2L}}: {{Causally Contrastive Learning}} for {{Robust Text Classification}}},
  shorttitle = {{{C2L}}},
  author = {Choi, Seungtaek and Jeong, Myeongho and Han, Hojae and Hwang, Seung-won},
  year = {2022},
  journaltitle = {Proceedings of the AAAI Conference on Artificial Intelligence},
  volume = {36},
  number = {10},
  pages = {10526--10534},
  issn = {2374-3468},
  doi = {10.1609/aaai.v36i10.21296},
  url = {https://ojs.aaai.org/index.php/AAAI/article/view/21296},
  urldate = {2024-12-30},
  issue = {10},
  langid = {english}
}

@inproceedings{dengComprehensiveKnowledgeDistillation2021,
  title = {Comprehensive {{Knowledge Distillation}} with {{Causal Intervention}}},
  booktitle = {Advances in {{Neural Information Processing Systems}}},
  author = {Deng, Xiang and Zhang, Zhongfei},
  year = {2021},
  volume = {34},
  pages = {22158--22170},
  publisher = {Curran Associates, Inc.},
  url = {https://proceedings.neurips.cc/paper/2021/hash/b9f35816f460ab999cbc168c4da26ff3-Abstract.html},
  urldate = {2024-12-13},
  langid = {american}
}

@inproceedings{grillBootstrapYourOwn2020,
  title = {Bootstrap {{Your Own Latent}} - {{A New Approach}} to {{Self-Supervised Learning}}},
  booktitle = {Advances in {{Neural Information Processing Systems}}},
  author = {Grill, Jean-Bastien and Strub, Florian and Altché, Florent and Tallec, Corentin and Richemond, Pierre and Buchatskaya, Elena and Doersch, Carl and Avila Pires, Bernardo and Guo, Zhaohan and Gheshlaghi Azar, Mohammad and Piot, Bilal and {kavukcuoglu}, koray and Munos, Remi and Valko, Michal},
  year = {2020},
  volume = {33},
  pages = {21271--21284},
  publisher = {Curran Associates, Inc.},
  url = {https://proceedings.neurips.cc/paper/2020/hash/f3ada80d5c4ee70142b17b8192b2958e-Abstract.html},
  urldate = {2025-01-11}
}

@inproceedings{heMomentumContrastUnsupervised2020,
  title = {Momentum {{Contrast}} for {{Unsupervised Visual Representation Learning}}},
  author = {He, Kaiming and Fan, Haoqi and Wu, Yuxin and Xie, Saining and Girshick, Ross},
  year = {2020},
  pages = {9729--9738},
  url = {https://openaccess.thecvf.com/content_CVPR_2020/html/He_Momentum_Contrast_for_Unsupervised_Visual_Representation_Learning_CVPR_2020_paper.html},
  urldate = {2024-12-05},
  booktitle = {Proceedings of the {{IEEE}}/{{CVF Conference}} on {{Computer Vision}} and {{Pattern Recognition}}},
  langid = {american}
}

@article{jiaoDynamicEnsembleSelection2024,
  title = {Dynamic {{Ensemble Selection}} for {{Imbalanced Data Streams With Concept Drift}}},
  author = {Jiao, Botao and Guo, Yinan and Gong, Dunwei and Chen, Qiuju},
  year = {2024},
  journaltitle = {IEEE Transactions on Neural Networks and Learning Systems},
  volume = {35},
  number = {1},
  pages = {1278--1291},
  issn = {2162-2388},
  doi = {10.1109/TNNLS.2022.3183120},
  url = {https://ieeexplore.ieee.org/abstract/document/9802893},
  urldate = {2024-05-20}
}

@article{liDDGDataDistributionGeneration2022,
  title = {{{DDG-DA}}: {{Data Distribution Generation}} for {{Predictable Concept Drift Adaptation}}},
  shorttitle = {{{DDG-DA}}},
  author = {Li, Wendi and Yang, Xiao and Liu, Weiqing and Xia, Yingce and Bian, Jiang},
  year = {2022-06-28},
  journaltitle = {Proceedings of the AAAI Conference on Artificial Intelligence},
  volume = {36},
  number = {4},
  pages = {4092--4100},
  issn = {2374-3468},
  doi = {10.1609/aaai.v36i4.20327},
  url = {https://ojs.aaai.org/index.php/AAAI/article/view/20327},
  urldate = {2024-09-28},
  langid = {english}
}

@inproceedings{liuShowDeconfoundTell2022,
  title = {Show, {{Deconfound}} and {{Tell}}: {{Image Captioning With Causal Inference}}},
  shorttitle = {Show, {{Deconfound}} and {{Tell}}},
  author = {Liu, Bing and Wang, Dong and Yang, Xu and Zhou, Yong and Yao, Rui and Shao, Zhiwen and Zhao, Jiaqi},
  year = {2022},
  pages = {18041--18050},
  url = {https://openaccess.thecvf.com/content/CVPR2022/html/Liu_Show_Deconfound_and_Tell_Image_Captioning_With_Causal_Inference_CVPR_2022_paper.html},
  urldate = {2024-12-12},
  booktitle = {Proceedings of the {{IEEE}}/{{CVF Conference}} on {{Computer Vision}} and {{Pattern Recognition}}},
  langid = {english}
}

@article{lu2020data,
  title={Data-driven decision support under concept drift in streamed big data},
  author={Lu, Jie and Liu, Anjin and Song, Yiliao and Zhang, Guangquan},
  journal={Complex \& intelligent systems},
  volume={6},
  number={1},
  pages={157--163},
  year={2020},
  publisher={Springer}
}

@article{luLearningConceptDrift2019,
  title = {Learning under {{Concept Drift}}: {{A Review}}},
  shorttitle = {Learning under {{Concept Drift}}},
  author = {Lu, Jie and Liu, Anjin and Dong, Fan and Gu, Feng and Gama, João and Zhang, Guangquan},
  year = {2019},
  journaltitle = {IEEE Transactions on Knowledge and Data Engineering},
  volume = {31},
  number = {12},
  pages = {2346--2363},
  issn = {1558-2191},
  doi = {10.1109/TKDE.2018.2876857},
  url = {https://ieeexplore.ieee.org/abstract/document/8496795},
  urldate = {2024-02-21}
}

@inproceedings{lvCausalityInspiredRepresentation2022,
  title = {Causality {{Inspired Representation Learning}} for {{Domain Generalization}}},
  author = {Lv, Fangrui and Liang, Jian and Li, Shuang and Zang, Bin and Liu, Chi Harold and Wang, Ziteng and Liu, Di},
  year = {2022},
  pages = {8046--8056},
  url = {https://openaccess.thecvf.com/content/CVPR2022/html/Lv_Causality_Inspired_Representation_Learning_for_Domain_Generalization_CVPR_2022_paper.html},
  urldate = {2024-12-30},
  booktitle = {Proceedings of the {{IEEE}}/{{CVF Conference}} on {{Computer Vision}} and {{Pattern Recognition}}},
  langid = {english}
}

@online{miaoDomainGeneralizationContrastive2022,
  title = {Domain {{Generalization}} via {{Contrastive Causal Learning}}},
  author = {Miao, Qiaowei and Yuan, Junkun and Kuang, Kun},
  year = {2022},
  eprint = {2210.02655},
  eprinttype = {arXiv},
  eprintclass = {cs},
  doi = {10.48550/arXiv.2210.02655},
  url = {http://arxiv.org/abs/2210.02655},
  urldate = {2024-12-30},
  pubstate = {prepublished}
}

@article{rohekarCausalInterpretationSelfAttention2023,
  title = {Causal {{Interpretation}} of {{Self-Attention}} in {{Pre-Trained Transformers}}},
  author = {Rohekar, Raanan Y. and Gurwicz, Yaniv and Nisimov, Shami},
  year = {2023},
  journaltitle = {Advances in Neural Information Processing Systems},
  volume = {36},
  pages = {31450--31465},
  url = {https://proceedings.neurips.cc/paper_files/paper/2023/hash/642a321fba8a0f03765318e629cb93ea\\-Abstract-Conference.html},
  urldate = {2024-12-30},
  langid = {english}
}

@inproceedings{tangLongTailedClassificationKeeping2021,
  title = {Long-{{Tailed Classification}} by {{Keeping}} the {{Good}} and {{Removing}} the {{Bad Momentum Causal Effect}}},
  booktitle = {Advances in {{Neural Information Processing Systems}}},
  author = {Tang, Kaihua and Huang, Jianqiang and Zhang, Hanwang},
  year = {2021},
  url = {https://proceedings.neurips.cc//paper/2020/file/1091660f3dff84fd648efe31391c5524-Paper.pdf},
  urldate = {2021-06-09},
  eventtitle = {Advances in {{Neural Information Processing Systems}}},
  langid = {english}
}

@inproceedings{wangDenseContrastiveLearning2021a,
  title = {Dense {{Contrastive Learning}} for {{Self-Supervised Visual Pre-Training}}},
  author = {Wang, Xinlong and Zhang, Rufeng and Shen, Chunhua and Kong, Tao and Li, Lei},
  year = {2021},
  pages = {3024--3033},
  url = {https://openaccess.thecvf.com/content/CVPR2021/html/Wang_Dense_Contrastive_Learning_for_Self-Supervised_Visual_Pre-Training_CVPR_2021_paper.html},
  urldate = {2025-01-29},
  booktitle = {Proceedings of the {{IEEE}}/{{CVF Conference}} on {{Computer Vision}} and {{Pattern Recognition}}},
  langid = {english}
}

@article{wangSelfadaptiveEnsembleUser2024,
  title = {A Self-Adaptive Ensemble for User Interest Drift Learning},
  author = {Wang, Kun and Xiong, Li and Liu, Anjin and Zhang, Guangquan and Lu, Jie},
  year = {2024},
  journaltitle = {Neurocomputing},
  shortjournal = {Neurocomputing},
  volume = {577},
  pages = {127308},
  issn = {0925-2312},
  doi = {10.1016/j.neucom.2024.127308},
  url = {https://www.sciencedirect.com/science/article/pii/S0925231224000791},
  urldate = {2024-02-21}
}

@misc{yang2024adaptingmultimodallargelanguage,
      title={Adapting Multi-modal Large Language Model to Concept Drift From Pre-training Onwards}, 
      author={Xiaoyu Yang and Jie Lu and En Yu},
      year={2024},
      eprint={2405.13459},
      archivePrefix={arXiv},
      primaryClass={cs.CV},
      url={https://arxiv.org/abs/2405.13459}, 
}

@inproceedings{yangCausalAttentionVisionLanguage2021,
  title = {Causal {{Attention}} for {{Vision-Language Tasks}}},
  author = {Yang, Xu and Zhang, Hanwang and Qi, Guojun and Cai, Jianfei},
  year = {2021},
  pages = {9847--9857},
  url = {https://openaccess.thecvf.com/content/CVPR2021/html/Yang_Causal_Attention_for_Vision-Language_Tasks_CVPR_2021_paper.html},
  urldate = {2024-12-31},
  booktitle = {Proceedings of the {{IEEE}}/{{CVF Conference}} on {{Computer Vision}} and {{Pattern Recognition}}},
  langid = {english}
}

@article{yangDeconfoundedImageCaptioning2023,
  title = {Deconfounded {{Image Captioning}}: {{A Causal Retrospect}}},
  shorttitle = {Deconfounded {{Image Captioning}}},
  author = {Yang, Xu and Zhang, Hanwang and Cai, Jianfei},
  year = {2023},
  journaltitle = {IEEE Transactions on Pattern Analysis and Machine Intelligence},
  volume = {45},
  number = {11},
  pages = {12996--13010},
  issn = {1939-3539},
  doi = {10.1109/TPAMI.2021.3121705},
  url = {https://ieeexplore.ieee.org/abstract/document/9583890},
  urldate = {2025-01-09},
  eventtitle = {{{IEEE Transactions}} on {{Pattern Analysis}} and {{Machine Intelligence}}}
}

@inproceedings{yu2024online,
  title={Online Boosting Adaptive Learning under Concept Drift for Multistream Classification},
  author={Yu, En and Lu, Jie and Zhang, Bin and Zhang, Guangquan},
  booktitle={Proceedings of the AAAI Conference on Artificial Intelligence},
  volume={38},
  number={15},
  pages={16522--16530},
  year={2024}
}

@article{yuDetectingGroupConcept2023,
  title = {Detecting Group Concept Drift from Multiple Data Streams},
  author = {Yu, Hang and Liu, Weixu and Lu, Jie and Wen, Yimin and Luo, Xiangfeng and Zhang, Guangquan},
  year = {2023},
  journaltitle = {Pattern Recognition},
  shortjournal = {Pattern Recognition},
  volume = {134},
  pages = {109113},
  issn = {0031-3203},
  doi = {10.1016/j.patcog.2022.109113},
  url = {https://www.sciencedirect.com/science/article/pii/S0031320322005933},
  urldate = {2024-04-26}
}

@article{yuLearnadaptConceptDrift2022,
  title = {Learn-to-Adapt: {{Concept}} Drift Adaptation for Hybrid Multiple Streams},
  shorttitle = {Learn-to-Adapt},
  author = {Yu, En and Song, Yiliao and Zhang, Guangquan and Lu, Jie},
  year = {2022},
  journaltitle = {Neurocomputing},
  shortjournal = {Neurocomputing},
  volume = {496},
  pages = {121--130},
  issn = {0925-2312},
  doi = {10.1016/j.neucom.2022.05.025},
  url = {https://www.sciencedirect.com/science/article/pii/S0925231222005550},
  urldate = {2024-03-04}
}

@online{zhangCausalWalkDebiasing2024,
  title = {Causal {{Walk}}: {{Debiasing Multi-Hop Fact Verification}} with {{Front-Door Adjustment}}},
  shorttitle = {Causal {{Walk}}},
  author = {Zhang, Congzhi and Zhang, Linhai and Zhou, Deyu},
  year = {2024},
  eprint = {2403.02698},
  eprinttype = {arXiv},
  doi = {10.48550/arXiv.2403.02698},
  url = {http://arxiv.org/abs/2403.02698},
  urldate = {2025-01-09},
  langid = {american},
  pubstate = {prepublished}
}

@online{zhouDINOWMWorldModels2024,
  title = {{{DINO-WM}}: {{World Models}} on {{Pre-trained Visual Features}} Enable {{Zero-shot Planning}}},
  shorttitle = {{{DINO-WM}}},
  author = {Zhou, Gaoyue and Pan, Hengkai and LeCun, Yann and Pinto, Lerrel},
  year = {2024},
  eprint = {2411.04983},
  eprinttype = {arXiv},
  doi = {10.48550/arXiv.2411.04983},
  url = {http://arxiv.org/abs/2411.04983},
  urldate = {2024-12-14},
  langid = {american},
  pubstate = {prepublished}
}

