@inproceedings{compendia,
author = {Ainsworth, Sam and Jones, Timothy M.},
title = {Compendia: Reducing Virtual-Memory Costs via Selective Densification},
year = {2021},
isbn = {9781450384483},
publisher = {Association for Computing Machinery},
address = {New York, NY, USA},
url = {https://doi.org/10.1145/3459898.3463902},
doi = {10.1145/3459898.3463902},
booktitle = {Proceedings of the 2021 ACM SIGPLAN International Symposium on Memory Management},
pages = {52–65},
numpages = {14},
keywords = {Virtualisation, Virtual Memory},
location = {Virtual, Canada},
series = {ISMM 2021}
}

@inproceedings{every-walk-is-a-hit,
author = {Park, Chang Hyun and Vougioukas, Ilias and Sandberg, Andreas and Black-Schaffer, David},
title = {Every Walk’s a Hit: Making Page Walks Single-Access Cache Hits},
year = {2022},
isbn = {9781450392051},
publisher = {Association for Computing Machinery},
address = {New York, NY, USA},
url = {https://doi.org/10.1145/3503222.3507718},
doi = {10.1145/3503222.3507718},
booktitle = {Proceedings of the 27th ACM International Conference on Architectural Support for Programming Languages and Operating Systems},
pages = {128–141},
numpages = {14},
keywords = {page table cache prioritization, Flattened page table},
location = {Lausanne, Switzerland},
series = {ASPLOS '22}
}

@inproceedings{radiant,
author = {Kumar, Sandeep and Prasad, Aravinda and Sarangi, Smruti R. and Subramoney, Sreenivas},
title = {Radiant: Efficient Page Table Management for Tiered Memory Systems},
year = {2021},
isbn = {9781450384483},
publisher = {Association for Computing Machinery},
address = {New York, NY, USA},
url = {https://doi.org/10.1145/3459898.3463907},
doi = {10.1145/3459898.3463907},
booktitle = {Proceedings of the 2021 ACM SIGPLAN International Symposium on Memory Management},
pages = {66–79},
numpages = {14},
keywords = {Page Tables, Intel Optane DC, NVMM},
location = {Virtual, Canada},
series = {ISMM 2021}
}

@inproceedings{vmitosis,
author = {Panwar, Ashish and Achermann, Reto and Basu, Arkaprava and Bhattacharjee, Abhishek and Gopinath, K. and Gandhi, Jayneel},
title = {Fast Local Page-Tables for Virtualized NUMA Servers with VMitosis},
year = {2021},
isbn = {9781450383172},
publisher = {Association for Computing Machinery},
address = {New York, NY, USA},
url = {https://doi.org/10.1145/3445814.3446709},
doi = {10.1145/3445814.3446709},
booktitle = {Proceedings of the 26th ACM International Conference on Architectural Support for Programming Languages and Operating Systems},
pages = {194–210},
numpages = {17},
keywords = {migration, replication, NUMA, TLB, Linux, KVM, 2D page-tables},
location = {Virtual, USA},
series = {ASPLOS '21}
}

