@article{Olsen2022,
  title={AbLang: An antibody language model for completing antibody sequences},
  author={Tobias H. Olsen, Iain H. Moal and Charlotte M. Deane},
  journal={bioRxiv},
  doi={https://doi.org/10.1101/2022.01.20.477061},
  year={2022}
}

@article{abramson2024accurate,
  title={Accurate structure prediction of biomolecular interactions with AlphaFold 3},
  author={Abramson, Josh and Adler, Jonas and Dunger, Jack and Evans, Richard and Green, Tim and Pritzel, Alexander and Ronneberger, Olaf and Willmore, Lindsay and Ballard, Andrew J and Bambrick, Joshua and others},
  journal={Nature},
  year={2024},
  publisher={Nature Publishing Group UK London}
}

@article{bennett2024atomically,
  title={Atomically accurate de novo design of single-domain antibodies},
  author={Bennett, Nathaniel R and Watson, Joseph L and Ragotte, Robert J and Borst, Andrew J and See, D{\'e}jena{\'e} L and Weidle, Connor and Biswas, Riti and Shrock, Ellen L and Leung, Philip JY and Huang, Buwei and others},
  journal={bioRxiv},
  year={2024},
  publisher={Cold Spring Harbor Laboratory Preprints}
}

@inproceedings{blum1998combining,
  title={Combining labeled and unlabeled data with co-training},
  author={Blum, Avrim and Mitchell, Tom},
  booktitle={Proceedings of the eleventh annual conference on Computational learning theory},
  year={1998}
}

@article{campbell2024generative,
  title={Generative flows on discrete state-spaces: Enabling multimodal flows with applications to protein co-design},
  author={Campbell, Andrew and Yim, Jason and Barzilay, Regina and Rainforth, Tom and Jaakkola, Tommi},
  journal={arXiv preprint arXiv:2402.04997},
  year={2024}
}

@article{chan2021deep,
  title={Deep extrapolation for attribute-enhanced generation},
  author={Chan, Alvin and Madani, Ali and Krause, Ben and Naik, Nikhil},
  journal={Advances in Neural Information Processing Systems},
  volume={34},
  pages={14084--14096},
  year={2021}
}

@article{chen2021generalized,
  title={Generalized dataweighting via class-level gradient manipulation},
  author={Chen, Can and Zheng, Shuhao and Chen, Xi and Dong, Erqun and Liu, Xue Steve and Liu, Hao and Dou, Dejing},
  journal={Advances in Neural Information Processing Systems},
  volume={34},
  pages={14097--14109},
  year={2021}
}

@article{chen2022gradient,
  title={Gradient-based bi-level optimization for deep learning: A survey},
  author={Chen, Can and Chen, Xi and Ma, Chen and Liu, Zixuan and Liu, Xue},
  journal={arXiv preprint arXiv:2207.11719},
  year={2022}
}

@inproceedings{chen2023bidirectional,
  title={Bidirectional learning for offline model-based biological sequence design},
  author={Chen, Can and Zhang, Yingxue and Liu, Xue and Coates, Mark},
  booktitle={International Conference on Machine Learning},
  year={2023},
  organization={PMLR}
}

@article{chen2024parallel,
  title={Parallel-mentoring for offline model-based optimization},
  author={Chen, Can Sam and Beckham, Christopher and Liu, Zixuan and Liu, Xue Steve and Pal, Chris},
  journal={Advances in Neural Information Processing Systems},
  volume={36},
  year={2024}
}

@article{ferruz2022protgpt2,
  title={ProtGPT2 is a deep unsupervised language model for protein design},
  author={Ferruz, Noelia and Schmidt, Steffen and H{\"o}cker, Birte},
  journal={Nature communications},
  volume={13},
  number={1},
  pages={4348},
  year={2022},
  publisher={Nature Publishing Group UK London}
}

@article{frey2023protein,
  title={Protein discovery with discrete walk-jump sampling},
  author={Frey, Nathan C and Berenberg, Daniel and Zadorozhny, Karina and Kleinhenz, Joseph and Lafrance-Vanasse, Julien and Hotzel, Isidro and Wu, Yan and Ra, Stephen and Bonneau, Richard and Cho, Kyunghyun and others},
  journal={arXiv preprint arXiv:2306.12360},
  year={2023}
}

@article{hadsund2024nanobert,
  title={nanoBERT: a deep learning model for gene agnostic navigation of the nanobody mutational space},
  author={Hadsund, Johannes Thorling and Sat{\l}awa, Tadeusz and Janusz, Bartosz and Shan, Lu and Zhou, Li and R{\"o}ttger, Richard and Krawczyk, Konrad},
  journal={Bioinformatics Advances},
  year={2024},
  publisher={Oxford University Press}
}

@article{han2018co,
  title={Co-teaching: Robust training of deep neural networks with extremely noisy labels},
  author={Han, Bo and Yao, Quanming and Yu, Xingrui and Niu, Gang and Xu, Miao and Hu, Weihua and Tsang, Ivor and Sugiyama, Masashi},
  journal={Advances in neural information processing systems},
  volume={31},
  year={2018}
}

@article{hayes2024simulating,
  title={Simulating 500 million years of evolution with a language model},
  author={Hayes, Tomas and Rao, Roshan and Akin, Halil and Sofroniew, Nicholas J and Oktay, Deniz and Lin, Zeming and Verkuil, Robert and Tran, Vincent Q and Deaton, Jonathan and Wiggert, Marius and others},
  journal={bioRxiv},
  pages={2024--07},
  year={2024},
  publisher={Cold Spring Harbor Laboratory}
}

@article{huguet2024sequence,
  title={Sequence-Augmented SE (3)-Flow Matching For Conditional Protein Backbone Generation},
  author={Huguet, Guillaume and Vuckovic, James and Fatras, Kilian and Thibodeau-Laufer, Eric and Lemos, Pablo and Islam, Riashat and Liu, Cheng-Hao and Rector-Brooks, Jarrid and Akhound-Sadegh, Tara and Bronstein, Michael and others},
  journal={arXiv preprint arXiv:2405.20313},
  year={2024}
}

@inproceedings{ikram2024antibody,
  title={Antibody sequence optimization with gradient-guided discrete walk-jump sampling},
  year={2024},
  author={Ikram, Zarif and Liu, Dianbo and Rahman, M Saifur},
  booktitle={ICLR 2024 Workshop on Generative and Experimental Perspectives for Biomolecular Design}
}

@article{ingraham2023illuminating,
  title={Illuminating protein space with a programmable generative model},
  author={Ingraham, John B and Baranov, Max and Costello, Zak and Barber, Karl W and Wang, Wujie and Ismail, Ahmed and Frappier, Vincent and Lord, Dana M and Ng-Thow-Hing, Christopher and Van Vlack, Erik R and others},
  journal={Nature},
  volume={623},
  year={2023},
  publisher={Nature Publishing Group UK London}
}

@misc{jing2024alphafold,
      title={AlphaFold Meets Flow Matching for Generating Protein Ensembles}, 
      author={Bowen Jing and Bonnie Berger and Tommi Jaakkola},
      year={2024},
      eprint={2402.04845},
      archivePrefix={arXiv},
      primaryClass={q-bio.BM}
}

@article{krishna2024generalized,
  title={Generalized biomolecular modeling and design with RoseTTAFold All-Atom},
  author={Krishna, Rohith and Wang, Jue and Ahern, Woody and Sturmfels, Pascal and Venkatesh, Preetham and Kalvet, Indrek and Lee, Gyu Rie and Morey-Burrows, Felix S and Anishchenko, Ivan and Humphreys, Ian R and others},
  journal={Science},
  year={2024},
  publisher={American Association for the Advancement of Science}
}

@inproceedings{krishnamoorthy2023diffusion,
  title={Diffusion models for black-box optimization},
  author={Krishnamoorthy, Siddarth and Mashkaria, Satvik Mehul and Grover, Aditya},
  booktitle={International Conference on Machine Learning},
  pages={17842--17857},
  year={2023},
  organization={PMLR}
}

@article{kulyte2024improving,
  title={Improving Antibody Design with Force-Guided Sampling in Diffusion Models},
  author={Kulyt{\.e}, Paulina and Vargas, Francisco and Mathis, Simon Valentin and Wang, Yu Guang and Hern{\'a}ndez-Lobato, Jos{\'e} Miguel and Li{\`o}, Pietro},
  journal={arXiv preprint arXiv:2406.05832},
  year={2024}
}

@article{leem2022deciphering,
  title={Deciphering the language of antibodies using self-supervised learning},
  author={Leem, Jinwoo and Mitchell, Laura S and Farmery, James HR and Barton, Justin and Galson, Jacob D},
  journal={Patterns},
  year={2022},
  publisher={Elsevier}
}

@article{li2024full,
  title={Full-Atom Peptide Design based on Multi-modal Flow Matching},
  author={Li, Jiahan and Cheng, Chaoran and Wu, Zuofan and Guo, Ruihan and Luo, Shitong and Ren, Zhizhou and Peng, Jian and Ma, Jianzhu},
  journal={arXiv preprint arXiv:2406.00735},
  year={2024}
}

@article{malach2017decoupling,
  title={Decoupling" when to update" from" how to update"},
  author={Malach, Eran and Shalev-Shwartz, Shai},
  journal={Proc. Adv. Neur. Inf. Proc. Syst (NeurIPS)},
  year={2017}
}

@inproceedings{ren2018learning,
  title={Learning to reweight examples for robust deep learning},
  author={Ren, Mengye and Zeng, Wenyuan and Yang, Bin and Urtasun, Raquel},
  booktitle={International conference on machine learning},
  pages={4334--4343},
  year={2018},
  organization={PMLR}
}

@article{rives2019biological,
  author={Rives, Alexander and Meier, Joshua and Sercu, Tom and Goyal, Siddharth and Lin, Zeming and Liu, Jason and Guo, Demi and Ott, Myle and Zitnick, C. Lawrence and Ma, Jerry and Fergus, Rob},
  title={Biological Structure and Function Emerge from Scaling Unsupervised Learning to 250 Million Protein Sequences},
  year={2019},
  doi={10.1101/622803},
  url={https://www.biorxiv.org/content/10.1101/622803v4},
  journal={PNAS}
}

@article{shuai2021generative,
  title={Generative language modeling for antibody design},
  author={Shuai, Richard W and Ruffolo, Jeffrey A and Gray, Jeffrey J},
  journal={bioRxiv},
  pages={2021--12},
  year={2021},
  publisher={Cold Spring Harbor Laboratory}
}

@article{su2023saprot,
  title={Saprot: Protein language modeling with structure-aware vocabulary},
  author={Su, Jin and Han, Chenchen and Zhou, Yuyang and Shan, Junjie and Zhou, Xibin and Yuan, Fajie},
  journal={bioRxiv},
  pages={2023--10},
  year={2023},
  publisher={Cold Spring Harbor Laboratory}
}

@article{yuan2024design,
  title={Design Editing for Offline Model-based Optimization},
  author={Yuan, Ye and Zhang, Youyuan and Chen, Can and Wu, Haolun and Li, Zixuan and Li, Jianmo and Clark, James J and Liu, Xue},
  journal={arXiv preprint arXiv:2405.13964},
  year={2024}
}

@article{yuan2024importance,
  title={Importance-aware co-teaching for offline model-based optimization},
  author={Yuan, Ye and Chen, Can Sam and Liu, Zixuan and Neiswanger, Willie and Liu, Xue Steve},
  journal={Advances in Neural Information Processing Systems},
  volume={36},
  year={2024}
}

