@article {Li2020potent,
	author = {Li, Tingting and Cai, Hongmin and Yao, Hebang and Zhou, Bingjie and Zhang, Ning and Gong, Yuhuan and Zhao, Yapei and Shen, Quan and Qin, Wenming and Hutter, Cedric A.J. and Lai, Yanling and Kuo, Shu-Ming and Bao, Juan and Lan, Jiaming and Seeger, Markus A. and Wong, Gary and Bi, Yuhai and Lavillette, Dimitri and Li, Dianfan},
	title = {A potent synthetic nanobody targets RBD and protects mice from SARS-CoV-2 infection},
	elocation-id = {2020.06.09.143438},
	year = {2020},
	doi = {10.1101/2020.06.09.143438},
	publisher = {Cold Spring Harbor Laboratory},
	URL = {https://www.biorxiv.org/content/early/2020/09/24/2020.06.09.143438},
	eprint = {https://www.biorxiv.org/content/early/2020/09/24/2020.06.09.143438.full.pdf},
	journal = {bioRxiv}
}


@inproceedings{jin2022antibody,
  title={Antibody-antigen docking and design via hierarchical structure refinement},
  author={Jin, Wengong and Barzilay, Regina and Jaakkola, Tommi},
  booktitle={International Conference on Machine Learning},
  pages={10217--10227},
  year={2022},
  organization={PMLR}
}

@article{luo2022antigen,
  title={Antigen-specific antibody design and optimization with diffusion-based generative models for protein structures},
  author={Luo, Shitong and Su, Yufeng and Peng, Xingang and Wang, Sheng and Peng, Jian and Ma, Jianzhu},
  journal={Advances in Neural Information Processing Systems},
  volume={35},
  pages={9754--9767},
  year={2022}
}

@article{shi2022protein,
  title={Protein sequence and structure co-design with equivariant translation},
  author={Shi, Chence and Wang, Chuanrui and Lu, Jiarui and Zhong, Bozitao and Tang, Jian},
  journal={arXiv preprint arXiv:2210.08761},
  year={2022}
}

@article{kong2022conditional,
  title={Conditional antibody design as 3d equivariant graph translation},
  author={Kong, Xiangzhe and Huang, Wenbing and Liu, Yang},
  journal={arXiv preprint arXiv:2208.06073},
  year={2022}
}

@article{jin2021iterative,
  title={Iterative refinement graph neural network for antibody sequence-structure co-design},
  author={Jin, Wengong and Wohlwend, Jeremy and Barzilay, Regina and Jaakkola, Tommi},
  journal={arXiv preprint arXiv:2110.04624},
  year={2021}
}

@inproceedings{brookes2019conditioning,
  title={Conditioning by adaptive sampling for robust design},
  author={Brookes, David and Park, Hahnbeom and Listgarten, Jennifer},
  booktitle={International conference on machine learning},
  pages={773--782},
  year={2019},
  organization={PMLR}
}

@article{han2018co,
  title={Co-teaching: Robust training of deep neural networks with extremely noisy labels},
  author={Han, Bo and Yao, Quanming and Yu, Xingrui and Niu, Gang and Xu, Miao and Hu, Weihua and Tsang, Ivor and Sugiyama, Masashi},
  journal={Advances in neural information processing systems},
  volume={31},
  year={2018}
}

@article{kumar2020model,
  title={Model inversion networks for model-based optimization},
  author={Kumar, Aviral and Levine, Sergey},
  journal={Advances in neural information processing systems},
  volume={33},
  pages={5126--5137},
  year={2020}
}

@inproceedings{akbar2022progress,
  title={Progress and challenges for the machine learning-based design of fit-for-purpose monoclonal antibodies},
  author={Akbar, Rahmad and Bashour, Habib and Rawat, Puneet and Robert, Philippe A and Smorodina, Eva and Cotet, Tudor-Stefan and Flem-Karlsen, Karine and Frank, Robert and Mehta, Brij Bhushan and Vu, Mai Ha and others},
  booktitle={MAbs},
  year={2022},
  organization={Taylor \& Francis}
}

@article{kunik2012structural,
  title={Structural consensus among antibodies defines the antigen binding site},
  author={Kunik, Vered and Peters, Bjoern and Ofran, Yanay},
  journal={PLoS computational biology},
  year={2012},
  publisher={Public Library of Science San Francisco, USA}
}

@article{papaleo2011acidic,
  title={An acidic loop and cognate phosphorylation sites define a molecular switch that modulates ubiquitin charging activity in Cdc34-like enzymes},
  author={Papaleo, Elena and Ranzani, Valeria and Tripodi, Farida and Vitriolo, Alessandro and Cirulli, Claudia and Fantucci, Piercarlo and Alberghina, Lilia and Vanoni, Marco and De Gioia, Luca and Coccetti, Paola},
  journal={PLoS computational biology},
  year={2011},
  publisher={Public Library of Science San Francisco, USA}
}

@article{adolf2018rosettaantibodydesign,
  title={RosettaAntibodyDesign (RAbD): A general framework for computational antibody design},
  author={Adolf-Bryfogle, Jared and Kalyuzhniy, Oleks and Kubitz, Michael and Weitzner, Brian D and Hu, Xiaozhen and Adachi, Yumiko and Schief, William R and Dunbrack Jr, Roland L},
  journal={PLoS computational biology},
  year={2018},
  publisher={Public Library of Science San Francisco, CA USA}
}



@article{martinkus2024abdiffuser,
  title={AbDiffuser: full-atom generation of in-vitro functioning antibodies},
  author={Martinkus, Karolis and Ludwiczak, Jan and Liang, Wei-Ching and Lafrance-Vanasse, Julien and Hotzel, Isidro and Rajpal, Arvind and Wu, Yan and Cho, Kyunghyun and Bonneau, Richard and Gligorijevic, Vladimir and others},
  journal={Advances in Neural Information Processing Systems},
  volume={36},
  year={2024}
}

@article{ho2022classifier,
  title={Classifier-free diffusion guidance},
  author={Ho, Jonathan and Salimans, Tim},
  journal={arXiv preprint arXiv:2207.12598},
  year={2022}
}

@article{dhariwal2021diffusion,
  title={Diffusion models beat gans on image synthesis},
  author={Dhariwal, Prafulla and Nichol, Alexander},
  journal={Advances in neural information processing systems},
  year={2021}
}

@article{dauparas2022robust,
  title={Robust deep learning--based protein sequence design using ProteinMPNN},
  author={Dauparas, Justas and Anishchenko, Ivan and Bennett, Nathaniel and Bai, Hua and Ragotte, Robert J and Milles, Lukas F and Wicky, Basile IM and Courbet, Alexis and de Haas, Rob J and Bethel, Neville and others},
  journal={Science},
  year={2022},
  publisher={American Association for the Advancement of Science}
}

@article{jumper2021highly,
  title={Highly accurate protein structure prediction with AlphaFold},
  author={Jumper, John and Evans, Richard and Pritzel, Alexander and Green, Tim and Figurnov, Michael and Ronneberger, Olaf and Tunyasuvunakool, Kathryn and Bates, Russ and {\v{Z}}{\'\i}dek, Augustin and Potapenko, Anna and others},
  journal={nature},
  year={2021},
  publisher={Nature Publishing Group}
}

@article{lin2022language,
  title={Language models of protein sequences at the scale of evolution enable accurate structure prediction},
  author={Lin, Zeming and Akin, Halil and Rao, Roshan and Hie, Brian and Zhu, Zhongkai and Lu, Wenting and dos Santos Costa, Allan and Fazel-Zarandi, Maryam and Sercu, Tom and Candido, Sal and others},
  journal={BioRxiv},
  year={2022},
  publisher={Cold Spring Harbor Laboratory}
}

@article{xu2022peer,
  title={Peer: a comprehensive and multi-task benchmark for protein sequence understanding},
  author={Xu, Minghao and Zhang, Zuobai and Lu, Jiarui and Zhu, Zhaocheng and Zhang, Yangtian and Chang, Ma and Liu, Runcheng and Tang, Jian},
  journal={Advances in Neural Information Processing Systems},
  year={2022}
}

@inproceedings{
    jing2021learning,
    title={Learning from Protein Structure with Geometric Vector Perceptrons},
    author={Bowen Jing and Stephan Eismann and Patricia Suriana and Raphael John Lamarre Townshend and Ron Dror},
    booktitle={International Conference on Learning Representations},
    year={2021},
    url={https://openreview.net/forum?id=1YLJDvSx6J4}
}

@article{gligorijevic2021structure,
  title={Structure-based protein function prediction using graph convolutional networks},
  author={Gligorijevi{\'c}, Vladimir and Renfrew, P Douglas and Kosciolek, Tomasz and Leman, Julia Koehler and Berenberg, Daniel and Vatanen, Tommi and Chandler, Chris and Taylor, Bryn C and Fisk, Ian M and Vlamakis, Hera and others},
  journal={Nature communications},
  year={2021},
  publisher={Nature Publishing Group UK London}
}

@article{wang2022lm,
  title={Lm-gvp: an extensible sequence and structure informed deep learning framework for protein property prediction},
  author={Wang, Zichen and Combs, Steven A and Brand, Ryan and Calvo, Miguel Romero and Xu, Panpan and Price, George and Golovach, Nataliya and Salawu, Emmanuel O and Wise, Colby J and Ponnapalli, Sri Priya and others},
  journal={Scientific reports},
  year={2022},
  publisher={Nature Publishing Group UK London}
}

@incollection{robbins1992empirical,
  title={An empirical Bayes approach to statistics},
  author={Robbins, Herbert E},
  booktitle={Breakthroughs in Statistics: Foundations and basic theory},
  year={1992},
  publisher={Springer}
}

@article{lindorff2010improved,
  title={Improved side-chain torsion potentials for the Amber ff99SB protein force field},
  author={Lindorff-Larsen, Kresten and Piana, Stefano and Palmo, Kim and Maragakis, Paul and Klepeis, John L and Dror, Ron O and Shaw, David E},
  journal={Proteins: Structure, Function, and Bioinformatics},
  year={2010},
  publisher={Wiley Online Library}
}

@misc{jing2024alphafold,
      title={AlphaFold Meets Flow Matching for Generating Protein Ensembles}, 
      author={Bowen Jing and Bonnie Berger and Tommi Jaakkola},
      year={2024},
      eprint={2402.04845},
      archivePrefix={arXiv},
      primaryClass={q-bio.BM}
}

@article{abdin2024direct,
  title={Direct conformational sampling from peptide energy landscapes through hypernetwork-conditioned diffusion},
  author={Abdin, Osama and Kim, Philip M},
  journal={Nature Machine Intelligence},
  year={2024},
  publisher={Nature Publishing Group UK London}
}

@article{huguet2024sequence,
  title={Sequence-Augmented SE (3)-Flow Matching For Conditional Protein Backbone Generation},
  author={Huguet, Guillaume and Vuckovic, James and Fatras, Kilian and Thibodeau-Laufer, Eric and Lemos, Pablo and Islam, Riashat and Liu, Cheng-Hao and Rector-Brooks, Jarrid and Akhound-Sadegh, Tara and Bronstein, Michael and others},
  journal={arXiv preprint arXiv:2405.20313},
  year={2024}
}

@article{lipman2022flow,
  title={Flow matching for generative modeling},
  author={Lipman, Yaron and Chen, Ricky TQ and Ben-Hamu, Heli and Nickel, Maximilian and Le, Matt},
  journal={arXiv preprint arXiv:2210.02747},
  year={2022}
}

@article{ho2020denoising,
  title={Denoising diffusion probabilistic models},
  author={Ho, Jonathan and Jain, Ajay and Abbeel, Pieter},
  journal={Advances in neural information processing systems},
  year={2020}
}

@misc{jing2023eigenfold,
      title={EigenFold: Generative Protein Structure Prediction with Diffusion Models}, 
      author={Bowen Jing and Ezra Erives and Peter Pao-Huang and Gabriele Corso and Bonnie Berger and Tommi Jaakkola},
      year={2023},
      eprint={2304.02198},
      archivePrefix={arXiv},
      primaryClass={q-bio.BM}
}

@article{zheng2023guided,
  title={Guided flows for generative modeling and decision making},
  author={Zheng, Qinqing and Le, Matt and Shaul, Neta and Lipman, Yaron and Grover, Aditya and Chen, Ricky TQ},
  journal={arXiv preprint arXiv:2311.13443},
  year={2023}
}

@book{allgower2012numerical,
  title={Numerical continuation methods: an introduction},
  author={Allgower, Eugene L and Georg, Kurt},
  volume={13},
  year={2012},
  publisher={Springer Science \& Business Media}
}

@article{song2020score,
  title={Score-based generative modeling through stochastic differential equations},
  author={Song, Yang and Sohl-Dickstein, Jascha and Kingma, Diederik P and Kumar, Abhishek and Ermon, Stefano and Poole, Ben},
  journal={arXiv preprint arXiv:2011.13456},
  year={2020}
}

@article{krishna2024generalized,
  title={Generalized biomolecular modeling and design with RoseTTAFold All-Atom},
  author={Krishna, Rohith and Wang, Jue and Ahern, Woody and Sturmfels, Pascal and Venkatesh, Preetham and Kalvet, Indrek and Lee, Gyu Rie and Morey-Burrows, Felix S and Anishchenko, Ivan and Humphreys, Ian R and others},
  journal={Science},
  year={2024},
  publisher={American Association for the Advancement of Science}
}


@article{yao2021highaffinity, 
year = {2021}, 
title = {{A high-affinity RBD-targeting nanobody improves fusion partner’s potency against SARS-CoV-2}}, 
author = {Yao, Hebang and Cai, Hongmin and Li, Tingting and Zhou, Bingjie and Qin, Wenming and Lavillette, Dmitri and Li, Dianfan}, 
journal = {PLOS Pathogens}, 
doi = {10.1371/journal.ppat.1009328}, 
url = {https://doi.org/10.1371/journal.ppat.1009328}, 
pages = {1--18}, 
number = {3}, 
volume = {17}, 
}

@article{abramson2024accurate,
  title={Accurate structure prediction of biomolecular interactions with AlphaFold 3},
  author={Abramson, Josh and Adler, Jonas and Dunger, Jack and Evans, Richard and Green, Tim and Pritzel, Alexander and Ronneberger, Olaf and Willmore, Lindsay and Ballard, Andrew J and Bambrick, Joshua and others},
  journal={Nature},
  year={2024},
  publisher={Nature Publishing Group UK London}
}

@article{ingraham2023illuminating,
  title={Illuminating protein space with a programmable generative model},
  author={Ingraham, John B and Baranov, Max and Costello, Zak and Barber, Karl W and Wang, Wujie and Ismail, Ahmed and Frappier, Vincent and Lord, Dana M and Ng-Thow-Hing, Christopher and Van Vlack, Erik R and others},
  journal={Nature},
  volume={623},
  year={2023},
  publisher={Nature Publishing Group UK London}
}

@article{hayes2024simulating,
  title={Simulating 500 million years of evolution with a language model},
  author={Hayes, Tomas and Rao, Roshan and Akin, Halil and Sofroniew, Nicholas J and Oktay, Deniz and Lin, Zeming and Verkuil, Robert and Tran, Vincent Q and Deaton, Jonathan and Wiggert, Marius and others},
  journal={bioRxiv},
  pages={2024--07},
  year={2024},
  publisher={Cold Spring Harbor Laboratory}
}

@book{murphy2016janeway,
  title={Janeway's immunobiology},
  author={Murphy, Kenneth and Weaver, Casey},
  year={2016},
  publisher={Garland science}
}

@article{watson2023novo,
  title={De novo design of protein structure and function with RFdiffusion},
  author={Watson, Joseph L and Juergens, David and Bennett, Nathaniel R and Trippe, Brian L and Yim, Jason and Eisenach, Helen E and Ahern, Woody and Borst, Andrew J and Ragotte, Robert J and Milles, Lukas F and others},
  journal={Nature},
  year={2023},
  publisher={Nature Publishing Group UK London}
}

@article{salomon2013overview,
  title={An overview of the Amber biomolecular simulation package},
  author={Salomon-Ferrer, Romelia and Case, David A and Walker, Ross C},
  journal={Wiley Interdisciplinary Reviews: Computational Molecular Science},
  year={2013},
  publisher={Wiley Online Library}
}

@article{klarner2024context,
  title={Context-Guided Diffusion for Out-of-Distribution Molecular and Protein Design},
  author={Klarner, Leo and Rudner, Tim GJ and Morris, Garrett M and Deane, Charlotte M and Teh, Yee Whye},
  journal={arXiv preprint arXiv:2407.11942},
  year={2024}
}

@article{li2024full,
  title={Full-Atom Peptide Design based on Multi-modal Flow Matching},
  author={Li, Jiahan and Cheng, Chaoran and Wu, Zuofan and Guo, Ruihan and Luo, Shitong and Ren, Zhizhou and Peng, Jian and Ma, Jianzhu},
  journal={arXiv preprint arXiv:2406.00735},
  year={2024}
}

@article{frey2023protein,
  title={Protein discovery with discrete walk-jump sampling},
  author={Frey, Nathan C and Berenberg, Daniel and Zadorozhny, Karina and Kleinhenz, Joseph and Lafrance-Vanasse, Julien and Hotzel, Isidro and Wu, Yan and Ra, Stephen and Bonneau, Richard and Cho, Kyunghyun and others},
  journal={arXiv preprint arXiv:2306.12360},
  year={2023}
}


@article{campbell2024generative,
  title={Generative flows on discrete state-spaces: Enabling multimodal flows with applications to protein co-design},
  author={Campbell, Andrew and Yim, Jason and Barzilay, Regina and Rainforth, Tom and Jaakkola, Tommi},
  journal={arXiv preprint arXiv:2402.04997},
  year={2024}
}

@inproceedings{ikram2024antibody,
  title={Antibody sequence optimization with gradient-guided discrete walk-jump sampling},
  year={2024},
  author={Ikram, Zarif and Liu, Dianbo and Rahman, M Saifur},
  booktitle={ICLR 2024 Workshop on Generative and Experimental Perspectives for Biomolecular Design}
}

@article{kulyte2024improving,
  title={Improving Antibody Design with Force-Guided Sampling in Diffusion Models},
  author={Kulyt{\.e}, Paulina and Vargas, Francisco and Mathis, Simon Valentin and Wang, Yu Guang and Hern{\'a}ndez-Lobato, Jos{\'e} Miguel and Li{\`o}, Pietro},
  journal={arXiv preprint arXiv:2406.05832},
  year={2024}
}

@article{dunbar2014sabdab,
  title={SAbDab: the structural antibody database},
  author={Dunbar, James and Krawczyk, Konrad and Leem, Jinwoo and Baker, Terry and Fuchs, Angelika and Georges, Guy and Shi, Jiye and Deane, Charlotte M},
  journal={Nucleic acids research},
  year={2014},
  publisher={Oxford University Press}
}

@article{alford2017rosetta,
  title={The Rosetta all-atom energy function for macromolecular modeling and design},
  author={Alford, Rebecca F and Leaver-Fay, Andrew and Jeliazkov, Jeliazko R and OMeara, Matthew J and DiMaio, Frank P and Park, Hahnbeom and Shapovalov, Maxim V and Renfrew, P Douglas and Mulligan, Vikram K and Kappel, Kalli and others},
  journal={Journal of chemical theory and computation},
  year={2017},
  publisher={ACS Publications}
}

@article{Olsen2022,
  title={AbLang: An antibody language model for completing antibody sequences},
  author={Tobias H. Olsen, Iain H. Moal and Charlotte M. Deane},
  journal={bioRxiv},
  doi={https://doi.org/10.1101/2022.01.20.477061},
  year={2022}
}

@article{leem2022deciphering,
  title={Deciphering the language of antibodies using self-supervised learning},
  author={Leem, Jinwoo and Mitchell, Laura S and Farmery, James HR and Barton, Justin and Galson, Jacob D},
  journal={Patterns},
  year={2022},
  publisher={Elsevier}
}

@article{shuai2021generative,
  title={Generative language modeling for antibody design},
  author={Shuai, Richard W and Ruffolo, Jeffrey A and Gray, Jeffrey J},
  journal={bioRxiv},
  pages={2021--12},
  year={2021},
  publisher={Cold Spring Harbor Laboratory}
}

@article{madani2020progen,
  title={Progen: Language modeling for protein generation},
  author={Madani, Ali and McCann, Bryan and Naik, Nikhil and Keskar, Nitish Shirish and Anand, Namrata and Eguchi, Raphael R and Huang, Po-Ssu and Socher, Richard},
  journal={arXiv preprint arXiv:2004.03497},
  year={2020}
}

@article{chu2023flexible,
  title={Flexible Protein-Protein Docking with a Multi-Track Iterative Transformer},
  author={Chu, Lee-Shin and Ruffolo, Jeffrey A and Harmalkar, Ameya and Gray, Jeffrey J},
  journal={Protein Science},
  pages={e4862},
  year={2023},
  publisher={Wiley Online Library}
}

@article{mahajan2022hallucinating,
  title={Hallucinating structure-conditioned antibody libraries for target-specific binders},
  author={Mahajan, Sai Pooja and Ruffolo, Jeffrey A and Frick, Rahel and Gray, Jeffrey J},
  journal={Frontiers in immunology},
  year={2022},
  publisher={Frontiers Media SA}
}

@inproceedings{cohen2023epitope,
  title={Epitope-specific antibody design using diffusion models on the latent space of ESM embeddings},
  author={Cohen, Tomer and Schneidman-Duhovny, Dina},
  booktitle={ICLR 2024 Workshop on Generative and Experimental Perspectives for Biomolecular Design},
  year={2023}
}

@article{victora2022germinal,
  title={Germinal centers},
  author={Victora, Gabriel D and Nussenzweig, Michel C},
  journal={Annual review of immunology},
  year={2022},
  publisher={Annual Reviews}
}

@article{tabasinezhad2019trends,
  title={Trends in therapeutic antibody affinity maturation: From in-vitro towards next-generation sequencing approaches},
  author={Tabasinezhad, Maryam and Talebkhan, Yeganeh and Wenzel, Wolfgang and Rahimi, Hamzeh and Omidinia, Eskandar and Mahboudi, Fereidoun},
  journal={Immunology letters},
  year={2019},
  publisher={Elsevier}
}

@article{shan2022deep,
  title={Deep learning guided optimization of human antibody against SARS-CoV-2 variants with broad neutralization},
  author={Shan, Sisi and Luo, Shitong and Yang, Ziqing and Hong, Junxian and Su, Yufeng and Ding, Fan and Fu, Lili and Li, Chenyu and Chen, Peng and Ma, Jianzhu and others},
  journal={Proceedings of the National Academy of Sciences},
  year={2022},
  publisher={National Acad Sciences}
}

@article{liu2021deep,
  title={Deep geometric representations for modeling effects of mutations on protein-protein binding affinity},
  author={Liu, Xianggen and Luo, Yunan and Li, Pengyong and Song, Sen and Peng, Jian},
  journal={PLoS computational biology},
  year={2021},
  publisher={Public Library of Science San Francisco, CA USA}
}

@article{hie2024efficient,
  title={Efficient evolution of human antibodies from general protein language models},
  author={Hie, Brian L and Shanker, Varun R and Xu, Duo and Bruun, Theodora UJ and Weidenbacher, Payton A and Tang, Shaogeng and Wu, Wesley and Pak, John E and Kim, Peter S},
  journal={Nature Biotechnology},
  year={2024},
  publisher={Nature Publishing Group US New York}
}

@article{ruffolo2021deciphering,
    title = {Deciphering antibody affinity maturation with language models and weakly supervised learning},
    author = {Ruffolo, Jeffrey A and Gray, Jeffrey J and Sulam, Jeremias},
    journal = {arXiv preprint arXiv:2112.07782},
    year= {2021}
}

@article{zhou2024antigen,
  title={Antigen-Specific Antibody Design via Direct Energy-based Preference Optimization},
  author={Zhou, Xiangxin and Xue, Dongyu and Chen, Ruizhe and Zheng, Zaixiang and Wang, Liang and Gu, Quanquan},
  journal={arXiv preprint arXiv:2403.16576},
  year={2024}
}

@article{cai2024pretrainable,
  title={Pretrainable geometric graph neural network for antibody affinity maturation},
  author={Cai, Huiyu and Zhang, Zuobai and Wang, Mingkai and Zhong, Bozitao and Li, Quanxiao and Zhong, Yuxuan and Wu, Yanling and Ying, Tianlei and Tang, Jian},
  journal={Nature Communications},
  year={2024},
  publisher={Nature Publishing Group UK London}
}

@article{pooladian2023multisample,
  title={Multisample flow matching: Straightening flows with minibatch couplings},
  author={Pooladian, Aram-Alexandre and Ben-Hamu, Heli and Domingo-Enrich, Carles and Amos, Brandon and Lipman, Yaron and Chen, Ricky TQ},
  journal={arXiv preprint arXiv:2304.14772},
  year={2023}
}

@article{jin2023nanobodies,
  title={NANOBODIES: A Review of Generation, Diagnostics and Therapeutics},
  author={Jin, Bo-kyung and Odongo, Steven and Radwanska, Magdalena and Magez, Stefan},
  journal={International journal of molecular sciences},
  year={2023},
  publisher={MDPI}
}

@article{lin2023evolutionary,
  title={Evolutionary-scale prediction of atomic-level protein structure with a language model},
  author={Lin, Zeming and Akin, Halil and Rao, Roshan and Hie, Brian and Zhu, Zhongkai and Lu, Wenting and Smetanin, Nikita and Verkuil, Robert and Kabeli, Ori and Shmueli, Yaniv and others},
  journal={Science},
  volume={379},
  year={2023},
  publisher={American Association for the Advancement of Science}
}

@article{shuai2023iglm,
  title={IgLM: Infilling language modeling for antibody sequence design},
  author={Shuai, Richard W and Ruffolo, Jeffrey A and Gray, Jeffrey J},
  journal={Cell Systems},
  year={2023},
  publisher={Elsevier}
}

@article{ye2024proteinbench,
  title={ProteinBench: A Holistic Evaluation of Protein Foundation Models},
  author={Ye, Fei and Zheng, Zaixiang and Xue, Dongyu and Shen, Yuning and Wang, Lihao and Ma, Yiming and Wang, Yan and Wang, Xinyou and Zhou, Xiangxin and Gu, Quanquan},
  journal={arXiv preprint arXiv:2409.06744},
  year={2024}
}

@article{ruffolo2023fast,
  title={Fast, accurate antibody structure prediction from deep learning on massive set of natural antibodies},
  author={Ruffolo, Jeffrey A and Chu, Lee-Shin and Mahajan, Sai Pooja and Gray, Jeffrey J},
  journal={Nature communications},
  year={2023},
  publisher={Nature Publishing Group UK London}
}

@article{hadsund2024nanobert,
  title={nanoBERT: a deep learning model for gene agnostic navigation of the nanobody mutational space},
  author={Hadsund, Johannes Thorling and Sat{\l}awa, Tadeusz and Janusz, Bartosz and Shan, Lu and Zhou, Li and R{\"o}ttger, Richard and Krawczyk, Konrad},
  journal={Bioinformatics Advances},
  year={2024},
  publisher={Oxford University Press}
}


@article{malach2017decoupling,
  title={Decoupling" when to update" from" how to update"},
  author={Malach, Eran and Shalev-Shwartz, Shai},
  journal={Proc. Adv. Neur. Inf. Proc. Syst (NeurIPS)},
  year={2017}
}

@inproceedings{blum1998combining,
  title={Combining labeled and unlabeled data with co-training},
  author={Blum, Avrim and Mitchell, Tom},
  booktitle={Proceedings of the eleventh annual conference on Computational learning theory},
  year={1998}
}

@inproceedings{lee2023exploring,
  title={Exploring chemical space with score-based out-of-distribution generation},
  author={Lee, Seul and Jo, Jaehyeong and Hwang, Sung Ju},
  booktitle={International Conference on Machine Learning},
  year={2023},
  organization={PMLR}
}

@article{rives2019biological,
  author={Rives, Alexander and Meier, Joshua and Sercu, Tom and Goyal, Siddharth and Lin, Zeming and Liu, Jason and Guo, Demi and Ott, Myle and Zitnick, C. Lawrence and Ma, Jerry and Fergus, Rob},
  title={Biological Structure and Function Emerge from Scaling Unsupervised Learning to 250 Million Protein Sequences},
  year={2019},
  doi={10.1101/622803},
  url={https://www.biorxiv.org/content/10.1101/622803v4},
  journal={PNAS}
}

@article{ferruz2022protgpt2,
  title={ProtGPT2 is a deep unsupervised language model for protein design},
  author={Ferruz, Noelia and Schmidt, Steffen and H{\"o}cker, Birte},
  journal={Nature communications},
  volume={13},
  number={1},
  pages={4348},
  year={2022},
  publisher={Nature Publishing Group UK London}
}

@article{lin2024geoab,
  title={Geoab: Towards realistic antibody design and reliable affinity maturation},
  author={Lin, Haitao and Wu, Lirong and Huang, Yufei and Liu, Yunfan and Zhang, Odin and Zhou, Yuanqing and Sun, Rui and Li, Stan Z},
  journal={bioRxiv},
  year={2024},
  publisher={Cold Spring Harbor Laboratory}
}


@article{xiong2017bindprofx,
  title={BindProfX: assessing mutation-induced binding affinity change by protein interface profiles with pseudo-counts},
  author={Xiong, Peng and Zhang, Chengxin and Zheng, Wei and Zhang, Yang},
  journal={Journal of molecular biology},
  year={2017},
  publisher={Elsevier}
}

@article{bennett2024atomically,
  title={Atomically accurate de novo design of single-domain antibodies},
  author={Bennett, Nathaniel R and Watson, Joseph L and Ragotte, Robert J and Borst, Andrew J and See, D{\'e}jena{\'e} L and Weidle, Connor and Biswas, Riti and Shrock, Ellen L and Leung, Philip JY and Huang, Buwei and others},
  journal={bioRxiv},
  year={2024},
  publisher={Cold Spring Harbor Laboratory Preprints}
}

@article{jian2024general,
  title={General Binding Affinity Guidance for Diffusion Models in Structure-Based Drug Design},
  author={Jian, Yue and Wu, Curtis and Reidenbach, Danny and Krishnapriyan, Aditi S},
  journal={arXiv preprint arXiv:2406.16821},
  year={2024}
}

@article{su2023saprot,
  title={Saprot: Protein language modeling with structure-aware vocabulary},
  author={Su, Jin and Han, Chenchen and Zhou, Yuyang and Shan, Junjie and Zhou, Xibin and Yuan, Fajie},
  journal={bioRxiv},
  pages={2023--10},
  year={2023},
  publisher={Cold Spring Harbor Laboratory}
}

@article{kingma2014adam,
  title={Adam: A method for stochastic optimization},
  author={Kingma, Diederik P},
  journal={arXiv preprint arXiv:1412.6980},
  year={2014}
}

@article{chiu2020engineeringab,
  title={Engineering antibody therapeutics},
  author={Chiu, Mark L and Gilliland, Gary L},
  journal={Current opinion in structural biology},
  volume={38},
  pages={163--173},
  year={2016},
  publisher={Elsevier}
}

@article{wesolowski2009single,
  title={Single domain antibodies: promising experimental and therapeutic tools in infection and immunity},
  author={Wesolowski, Janusz and Alzogaray, Vanina and Reyelt, Jan and Unger, Mandy and Juarez, Karla and Urrutia, Mariela and Cauerhff, Ana and Danquah, Welbeck and Rissiek, Bj{\"o}rn and Scheuplein, Felix and others},
  journal={Medical microbiology and immunology},
  year={2009},
  publisher={Springer}
}

@article{le2024voicebox,
  title={Voicebox: Text-guided multilingual universal speech generation at scale},
  author={Le, Matthew and Vyas, Apoorv and Shi, Bowen and Karrer, Brian and Sari, Leda and Moritz, Rashel and Williamson, Mary and Manohar, Vimal and Adi, Yossi and Mahadeokar, Jay and others},
  journal={Advances in neural information processing systems},
  year={2024}
}


@inproceedings{chen2023bidirectional,
  title={Bidirectional learning for offline model-based biological sequence design},
  author={Chen, Can and Zhang, Yingxue and Liu, Xue and Coates, Mark},
  booktitle={International Conference on Machine Learning},
  year={2023},
  organization={PMLR}
}

@article{yuan2024importance,
  title={Importance-aware co-teaching for offline model-based optimization},
  author={Yuan, Ye and Chen, Can Sam and Liu, Zixuan and Neiswanger, Willie and Liu, Xue Steve},
  journal={Advances in Neural Information Processing Systems},
  volume={36},
  year={2024}
}

@article{chen2024parallel,
  title={Parallel-mentoring for offline model-based optimization},
  author={Chen, Can Sam and Beckham, Christopher and Liu, Zixuan and Liu, Xue Steve and Pal, Chris},
  journal={Advances in Neural Information Processing Systems},
  volume={36},
  year={2024}
}

@inproceedings{
yuan2025paretoflow,
title={ParetoFlow: Guided Flows in Multi-Objective Optimization},
author={Ye Yuan and Can Chen and Christopher Pal and Xue Liu},
booktitle={The Thirteenth International Conference on Learning Representations},
year={2025},
url={https://openreview.net/forum?id=mLyyB4le5u}
}

@article{chen2023structure,
  title={Structure-aware protein self-supervised learning},
  author={Chen, Can and Zhou, Jingbo and Wang, Fan and Liu, Xue and Dou, Dejing},
  journal={Bioinformatics},
  volume={39},
  number={4},
  pages={btad189},
  year={2023},
  publisher={Oxford University Press}
}


@article{chan2021deep,
  title={Deep extrapolation for attribute-enhanced generation},
  author={Chan, Alvin and Madani, Ali and Krause, Ben and Naik, Nikhil},
  journal={Advances in Neural Information Processing Systems},
  volume={34},
  pages={14084--14096},
  year={2021}
}

@article{chen2022gradient,
  title={Gradient-based bi-level optimization for deep learning: A survey},
  author={Chen, Can and Chen, Xi and Ma, Chen and Liu, Zixuan and Liu, Xue},
  journal={arXiv preprint arXiv:2207.11719},
  year={2022}
}

@article{chen2021generalized,
  title={Generalized dataweighting via class-level gradient manipulation},
  author={Chen, Can and Zheng, Shuhao and Chen, Xi and Dong, Erqun and Liu, Xue Steve and Liu, Hao and Dou, Dejing},
  journal={Advances in Neural Information Processing Systems},
  volume={34},
  pages={14097--14109},
  year={2021}
}

@inproceedings{ren2018learning,
  title={Learning to reweight examples for robust deep learning},
  author={Ren, Mengye and Zeng, Wenyuan and Yang, Bin and Urtasun, Raquel},
  booktitle={International conference on machine learning},
  pages={4334--4343},
  year={2018},
  organization={PMLR}
}

@article{yuan2024design,
  title={Design Editing for Offline Model-based Optimization},
  author={Yuan, Ye and Zhang, Youyuan and Chen, Can and Wu, Haolun and Li, Zixuan and Li, Jianmo and Clark, James J and Liu, Xue},
  journal={arXiv preprint arXiv:2405.13964},
  year={2024}
}

@article{
chen2024robust,
title={Robust Guided Diffusion for Offline Black-Box Optimization},
author={Can Chen and Christopher Beckham and Zixuan Liu and Xue Liu and Christopher Pal},
journal={Transactions on Machine Learning Research},
issn={2835-8856},
year={2024},
url={https://openreview.net/forum?id=4JcqmEZ5zt},
note={}
}

@inproceedings{krishnamoorthy2023diffusion,
  title={Diffusion models for black-box optimization},
  author={Krishnamoorthy, Siddarth and Mashkaria, Satvik Mehul and Grover, Aditya},
  booktitle={International Conference on Machine Learning},
  pages={17842--17857},
  year={2023},
  organization={PMLR}
}