@article{Yan-2024,
 author = {Yan, Yujia and Duan, Zhiyao},
 doi = {10.5334/tismir.163},
 journal = {Transactions of the International Society for Music Information Retrieval},
 keyword = {en_US},
 month = {Nov},
 title = {Measure by Measure: Measure-Based Automatic Music Composition with Modern Staff Notation},
 year = {2024}
}

@article{cideron2024musicrl,
  title={Musicrl: Aligning music generation to human preferences},
  author={Cideron, Geoffrey and Girgin, Sertan and Verzetti, Mauro and Vincent, Damien and Kastelic, Matej and Borsos, Zal{\'a}n and McWilliams, Brian and Ungureanu, Victor and Bachem, Olivier and Pietquin, Olivier and others},
  journal={arXiv preprint arXiv:2402.04229},
  year={2024}
}

@article{donahue2019lakhnes,
  title={LakhNES: Improving multi-instrumental music generation with cross-domain pre-training},
  author={Donahue, Chris and Mao, Huanru Henry and Li, Yiting Ethan and Cottrell, Garrison W and McAuley, Julian},
  journal={arXiv preprint arXiv:1907.04868},
  year={2019}
}

@article{du2021glm,
  title={Glm: General language model pretraining with autoregressive blank infilling},
  author={Du, Zhengxiao and Qian, Yujie and Liu, Xiao and Ding, Ming and Qiu, Jiezhong and Yang, Zhilin and Tang, Jie},
  journal={arXiv preprint arXiv:2103.10360},
  year={2021}
}

@inproceedings{guo2022fine,
  title={Fine-Tuning Music Generation with Reinforcement Learning Based on Transformer},
  author={Guo, Xuefei and Xu, Hongguang and Xu, Ke},
  booktitle={2022 IEEE 16th International Conference on Anti-counterfeiting, Security, and Identification (ASID)},
  pages={1--5},
  year={2022},
  organization={IEEE}
}

@article{jaques2017tuning,
  title={Tuning recurrent neural networks with reinforcement learning},
  author={Jaques, Natasha and Gu, Shixiang and Turner, Richard E and Eck, Douglas},
  year={2017}
}

@article{ji2023rl,
  title={Rl-chord: Clstm-based melody harmonization using deep reinforcement learning},
  author={Ji, Shulei and Yang, Xinyu and Luo, Jing and Li, Juan},
  journal={IEEE Transactions on Neural Networks and Learning Systems},
  year={2023},
  publisher={IEEE}
}

@inproceedings{jiang2020rl,
  title={Rl-duet: Online music accompaniment generation using deep reinforcement learning},
  author={Jiang, Nan and Jin, Sheng and Duan, Zhiyao and Zhang, Changshui},
  booktitle={Proceedings of the AAAI conference on artificial intelligence},
  volume={34},
  number={01},
  pages={710--718},
  year={2020}
}

@inproceedings{kenton2019bert,
  title={Bert: Pre-training of deep bidirectional transformers for language understanding},
  author={Jacob Devlin and Ming-Wei Chang and Kenton Lee and Kristina Toutanova},
  booktitle={Proceedings of naacL-HLT},
  volume={1},
  pages={2},
  year={2019},
  organization={Minneapolis, Minnesota}
}

@article{lewis2019bart,
  title={Bart: Denoising sequence-to-sequence pre-training for natural language generation, translation, and comprehension},
  author={Lewis, Mike},
  journal={arXiv preprint arXiv:1910.13461},
  year={2019}
}

@inproceedings{liang2024pianobart,
  title={PianoBART: Symbolic Piano Music Generation and Understanding with Large-Scale Pre-Training},
  author={Liang, Xiao and Zhao, Zijian and Zeng, Weichao and He, Yutong and He, Fupeng and Wang, Yiyi and Gao, Chengying},
  booktitle={2024 IEEE International Conference on Multimedia and Expo (ICME)},
  pages={1--6},
  year={2024},
  organization={IEEE}
}

@article{qu2024mupt,
  title={Mupt: A generative symbolic music pretrained transformer},
  author={Qu, Xingwei and Bai, Yuelin and Ma, Yinghao and Zhou, Ziya and Lo, Ka Man and Liu, Jiaheng and Yuan, Ruibin and Min, Lejun and Liu, Xueling and Zhang, Tianyu and others},
  journal={arXiv preprint arXiv:2404.06393},
  year={2024}
}

@book{raffel2016learning,
  title={Learning-based methods for comparing sequences, with applications to audio-to-midi alignment and matching},
  author={Raffel, Colin},
  year={2016},
  publisher={Columbia University}
}

@article{raffel2020exploring,
  title={Exploring the limits of transfer learning with a unified text-to-text transformer},
  author={Raffel, Colin and Shazeer, Noam and Roberts, Adam and Lee, Katherine and Narang, Sharan and Matena, Michael and Zhou, Yanqi and Li, Wei and Liu, Peter J},
  journal={Journal of machine learning research},
  volume={21},
  number={140},
  pages={1--67},
  year={2020}
}

@article{sturm2016music,
  title={Music transcription modelling and composition using deep learning},
  author={Sturm, Bob L and Santos, Joao Felipe and Ben-Tal, Oded and Korshunova, Iryna},
  journal={arXiv preprint arXiv:1604.08723},
  year={2016}
}

@inproceedings{suzuki2021score,
  title={Score Transformer: Generating Musical Score from Note-level Representation},
  author={Suzuki, Masahiro},
  booktitle={Proceedings of the 3rd ACM International Conference on Multimedia in Asia},
  pages={1--7},
  year={2021}
}

@inproceedings{wang2021musebert,
  title={MuseBERT: Pre-training Music Representation for Music Understanding and Controllable Generation.},
  author={Wang, Ziyu and Xia, Gus},
  booktitle={ISMIR},
  pages={722--729},
  year={2021}
}

@inproceedings{wu2023chord,
  title={Chord-conditioned melody harmonization with controllable harmonicity},
  author={Wu, Shangda and Li, Xiaobing and Sun, Maosong},
  booktitle={ICASSP 2023-2023 IEEE International Conference on Acoustics, Speech and Signal Processing (ICASSP)},
  pages={1--5},
  year={2023},
  organization={IEEE}
}

@article{wu2023melodyglm,
  title={MelodyGLM: multi-task pre-training for symbolic melody generation},
  author={Wu, Xinda and Huang, Zhijie and Zhang, Kejun and Yu, Jiaxing and Tan, Xu and Zhang, Tieyao and Wang, Zihao and Sun, Lingyun},
  journal={arXiv preprint arXiv:2309.10738},
  year={2023}
}

@article{wu2023tunesformer,
  title={TunesFormer: Forming Irish Tunes with Control Codes by Bar Patching},
  author={Wu, Shangda and Li, Xiaobing and Yu, Feng and Sun, Maosong},
  journal={arXiv preprint arXiv:2301.02884},
  year={2023}
}

@article{wu2024melodyt5,
  title={MelodyT5: A Unified Score-to-Score Transformer for Symbolic Music Processing},
  author={Wu, Shangda and Wang, Yashan and Li, Xiaobing and Yu, Feng and Sun, Maosong},
  journal={arXiv preprint arXiv:2407.02277},
  year={2024}
}

