@inproceedings{vaswani2017attention,
  title={Attention is all you need},
  author={Vaswani, Ashish and Shazeer, Noam and Parmar, Niki and Uszkoreit, Jakob and Jones, Lukasz Kaiser and Nating, Aidan and Gomez, \& Polosukhin, Illia},
  booktitle={Advances in Neural Information Processing Systems (NeurIPS)},
  year={2017},
  pages={5998--6008},
  publisher={Curran Associates, Inc.}
}

@inproceedings{DBLP:conf/icml/0001PMMFLBHCRP24,
  author       = {Harrison Lee and
                  Samrat Phatale and
                  Hassan Mansoor and
                  Thomas Mesnard and
                  Johan Ferret and
                  Kellie Lu and
                  Colton Bishop and
                  Ethan Hall and
                  Victor Carbune and
                  Abhinav Rastogi and
                  Sushant Prakash},
  title        = {{RLAIF} vs. {RLHF:} Scaling Reinforcement Learning from Human Feedback
                  with {AI} Feedback},
  booktitle    = {Forty-first International Conference on Machine Learning, {ICML} 2024,
                  Vienna, Austria, July 21-27, 2024},
  publisher    = {OpenReview.net},
  year         = {2024},
  url          = {https://openreview.net/forum?id=uydQ2W41KO},
  timestamp    = {Mon, 02 Sep 2024 16:55:26 +0200},
  biburl       = {https://dblp.org/rec/conf/icml/0001PMMFLBHCRP24.bib},
  bibsource    = {dblp computer science bibliography, https://dblp.org}
}

@article{huang2018music,
  title={Music transformer},
  author={Huang, Cheng-Zhi Anna and Vaswani, Ashish and Uszkoreit, Jakob and Shazeer, Noam and Simon, Ian and Hawthorne, Curtis and Dai, Andrew M and Hoffman, Matthew D and Dinculescu, Monica and Eck, Douglas},
  journal={arXiv preprint arXiv:1809.04281},
  year={2018}
}

@inproceedings{huang2020pop,
  title={Pop music transformer: Beat-based modeling and generation of expressive pop piano compositions},
  author={Huang, Yu-Siang and Yang, Yi-Hsuan},
  booktitle={Proceedings of the 28th ACM international conference on multimedia},
  pages={1180--1188},
  year={2020}
}

@inproceedings{dong2023multitrack,
  title={Multitrack music transformer},
  author={Dong, Hao-Wen and Chen, Ke and Dubnov, Shlomo and McAuley, Julian and Berg-Kirkpatrick, Taylor},
  booktitle={ICASSP 2023-2023 IEEE International Conference on Acoustics, Speech and Signal Processing (ICASSP)},
  pages={1--5},
  year={2023},
  organization={IEEE}
}

@article{wang2020pop909,
  title={Pop909: A pop-song dataset for music arrangement generation},
  author={Wang, Ziyu and Chen, Ke and Jiang, Junyan and Zhang, Yiyi and Xu, Maoran and Dai, Shuqi and Gu, Xianbin and Xia, Gus},
  journal={arXiv preprint arXiv:2008.07142},
  year={2020}
}

@article{hentschel2023annotated,
  title={An annotated corpus of tonal piano music from the long 19th century},
  author={Hentschel, Johannes and Rammos, Yannis and Moss, Fabian C and Neuwirth, Markus and Rohrmeier, Martin},
  journal={Empirical Musicology Review},
  volume={18},
  number={1},
  pages={84--95},
  year={2023}
}

@article{achiam2023gpt,
  title={Gpt-4 technical report},
  author={Achiam, Josh and Adler, Steven and Agarwal, Sandhini and Ahmad, Lama and Akkaya, Ilge and Aleman, Florencia Leoni and Almeida, Diogo and Altenschmidt, Janko and Altman, Sam and Anadkat, Shyamal and others},
  journal={arXiv preprint arXiv:2303.08774},
  year={2023}
}

@article{dubey2024llama,
  title={The llama 3 herd of models},
  author={Dubey, Abhimanyu and Jauhri, Abhinav and Pandey, Abhinav and Kadian, Abhishek and Al-Dahle, Ahmad and Letman, Aiesha and Mathur, Akhil and Schelten, Alan and Yang, Amy and Fan, Angela and others},
  journal={arXiv preprint arXiv:2407.21783},
  year={2024}
}

@article{donahue2019lakhnes,
  title={LakhNES: Improving multi-instrumental music generation with cross-domain pre-training},
  author={Donahue, Chris and Mao, Huanru Henry and Li, Yiting Ethan and Cottrell, Garrison W and McAuley, Julian},
  journal={arXiv preprint arXiv:1907.04868},
  year={2019}
}

@article{wu2024melodyt5,
  title={MelodyT5: A Unified Score-to-Score Transformer for Symbolic Music Processing},
  author={Wu, Shangda and Wang, Yashan and Li, Xiaobing and Yu, Feng and Sun, Maosong},
  journal={arXiv preprint arXiv:2407.02277},
  year={2024}
}

@article{cideron2024musicrl,
  title={Musicrl: Aligning music generation to human preferences},
  author={Cideron, Geoffrey and Girgin, Sertan and Verzetti, Mauro and Vincent, Damien and Kastelic, Matej and Borsos, Zal{\'a}n and McWilliams, Brian and Ungureanu, Victor and Bachem, Olivier and Pietquin, Olivier and others},
  journal={arXiv preprint arXiv:2402.04229},
  year={2024}
}

@article{rafailov2024direct,
  title={Direct preference optimization: Your language model is secretly a reward model},
  author={Rafailov, Rafael and Sharma, Archit and Mitchell, Eric and Manning, Christopher D and Ermon, Stefano and Finn, Chelsea},
  journal={Advances in Neural Information Processing Systems},
  volume={36},
  year={2024}
}

@article{wu2024clamp,
  title={CLaMP 2: Multimodal Music Information Retrieval Across 101 Languages Using Large Language Models},
  author={Wu, Shangda and Wang, Yashan and Yuan, Ruibin and Guo, Zhancheng and Tan, Xu and Zhang, Ge and Zhou, Monan and Chen, Jing and Mu, Xuefeng and Gao, Yuejie and others},
  journal={arXiv preprint arXiv:2410.13267},
  year={2024}
}

@inproceedings{suzuki2021score,
  title={Score Transformer: Generating Musical Score from Note-level Representation},
  author={Suzuki, Masahiro},
  booktitle={Proceedings of the 3rd ACM International Conference on Multimedia in Asia},
  pages={1--7},
  year={2021}
}

@article{Yan-2024,
 author = {Yan, Yujia and Duan, Zhiyao},
 doi = {10.5334/tismir.163},
 journal = {Transactions of the International Society for Music Information Retrieval},
 keyword = {en_US},
 month = {Nov},
 title = {Measure by Measure: Measure-Based Automatic Music Composition with Modern Staff Notation},
 year = {2024}
}

@article{sturm2016music,
  title={Music transcription modelling and composition using deep learning},
  author={Sturm, Bob L and Santos, Joao Felipe and Ben-Tal, Oded and Korshunova, Iryna},
  journal={arXiv preprint arXiv:1604.08723},
  year={2016}
}

@article{wu2023tunesformer,
  title={TunesFormer: Forming Irish Tunes with Control Codes by Bar Patching},
  author={Wu, Shangda and Li, Xiaobing and Yu, Feng and Sun, Maosong},
  journal={arXiv preprint arXiv:2301.02884},
  year={2023}
}

@inproceedings{wu2023chord,
  title={Chord-conditioned melody harmonization with controllable harmonicity},
  author={Wu, Shangda and Li, Xiaobing and Sun, Maosong},
  booktitle={ICASSP 2023-2023 IEEE International Conference on Acoustics, Speech and Signal Processing (ICASSP)},
  pages={1--5},
  year={2023},
  organization={IEEE}
}

@article{qu2024mupt,
  title={Mupt: A generative symbolic music pretrained transformer},
  author={Qu, Xingwei and Bai, Yuelin and Ma, Yinghao and Zhou, Ziya and Lo, Ka Man and Liu, Jiaheng and Yuan, Ruibin and Min, Lejun and Liu, Xueling and Zhang, Tianyu and others},
  journal={arXiv preprint arXiv:2404.06393},
  year={2024}
}

@book{raffel2016learning,
  title={Learning-based methods for comparing sequences, with applications to audio-to-midi alignment and matching},
  author={Raffel, Colin},
  year={2016},
  publisher={Columbia University}
}

@inproceedings{wang2021musebert,
  title={MuseBERT: Pre-training Music Representation for Music Understanding and Controllable Generation.},
  author={Wang, Ziyu and Xia, Gus},
  booktitle={ISMIR},
  pages={722--729},
  year={2021}
}

@article{li2023mrbert,
  title={Mrbert: Pre-training of melody and rhythm for automatic music generation},
  author={Li, Shuyu and Sung, Yunsick},
  journal={Mathematics},
  volume={11},
  number={4},
  pages={798},
  year={2023},
  publisher={MDPI}
}

@inproceedings{kenton2019bert,
  title={Bert: Pre-training of deep bidirectional transformers for language understanding},
  author={Jacob Devlin and Ming-Wei Chang and Kenton Lee and Kristina Toutanova},
  booktitle={Proceedings of naacL-HLT},
  volume={1},
  pages={2},
  year={2019},
  organization={Minneapolis, Minnesota}
}

@article{wu2023melodyglm,
  title={MelodyGLM: multi-task pre-training for symbolic melody generation},
  author={Wu, Xinda and Huang, Zhijie and Zhang, Kejun and Yu, Jiaxing and Tan, Xu and Zhang, Tieyao and Wang, Zihao and Sun, Lingyun},
  journal={arXiv preprint arXiv:2309.10738},
  year={2023}
}

@article{du2021glm,
  title={Glm: General language model pretraining with autoregressive blank infilling},
  author={Du, Zhengxiao and Qian, Yujie and Liu, Xiao and Ding, Ming and Qiu, Jiezhong and Yang, Zhilin and Tang, Jie},
  journal={arXiv preprint arXiv:2103.10360},
  year={2021}
}

@inproceedings{liang2024pianobart,
  title={PianoBART: Symbolic Piano Music Generation and Understanding with Large-Scale Pre-Training},
  author={Liang, Xiao and Zhao, Zijian and Zeng, Weichao and He, Yutong and He, Fupeng and Wang, Yiyi and Gao, Chengying},
  booktitle={2024 IEEE International Conference on Multimedia and Expo (ICME)},
  pages={1--6},
  year={2024},
  organization={IEEE}
}

@article{lewis2019bart,
  title={Bart: Denoising sequence-to-sequence pre-training for natural language generation, translation, and comprehension},
  author={Lewis, Mike},
  journal={arXiv preprint arXiv:1910.13461},
  year={2019}
}

@article{raffel2020exploring,
  title={Exploring the limits of transfer learning with a unified text-to-text transformer},
  author={Raffel, Colin and Shazeer, Noam and Roberts, Adam and Lee, Katherine and Narang, Sharan and Matena, Michael and Zhou, Yanqi and Li, Wei and Liu, Peter J},
  journal={Journal of machine learning research},
  volume={21},
  number={140},
  pages={1--67},
  year={2020}
}

@article{jaques2017tuning,
  title={Tuning recurrent neural networks with reinforcement learning},
  author={Jaques, Natasha and Gu, Shixiang and Turner, Richard E and Eck, Douglas},
  year={2017}
}

@inproceedings{jiang2020rl,
  title={Rl-duet: Online music accompaniment generation using deep reinforcement learning},
  author={Jiang, Nan and Jin, Sheng and Duan, Zhiyao and Zhang, Changshui},
  booktitle={Proceedings of the AAAI conference on artificial intelligence},
  volume={34},
  number={01},
  pages={710--718},
  year={2020}
}

@article{ji2023rl,
  title={Rl-chord: Clstm-based melody harmonization using deep reinforcement learning},
  author={Ji, Shulei and Yang, Xinyu and Luo, Jing and Li, Juan},
  journal={IEEE Transactions on Neural Networks and Learning Systems},
  year={2023},
  publisher={IEEE}
}

@inproceedings{guo2022fine,
  title={Fine-Tuning Music Generation with Reinforcement Learning Based on Transformer},
  author={Guo, Xuefei and Xu, Hongguang and Xu, Ke},
  booktitle={2022 IEEE 16th International Conference on Anti-counterfeiting, Security, and Identification (ASID)},
  pages={1--5},
  year={2022},
  organization={IEEE}
}

@article{stiennon2020learning,
  title={Learning to summarize with human feedback},
  author={Stiennon, Nisan and Ouyang, Long and Wu, Jeffrey and Ziegler, Daniel and Lowe, Ryan and Voss, Chelsea and Radford, Alec and Amodei, Dario and Christiano, Paul F},
  journal={Advances in Neural Information Processing Systems},
  volume={33},
  pages={3008--3021},
  year={2020}
}

@article{schulman2017proximal,
  title={Proximal policy optimization algorithms},
  author={Schulman, John and Wolski, Filip and Dhariwal, Prafulla and Radford, Alec and Klimov, Oleg},
  journal={arXiv preprint arXiv:1707.06347},
  year={2017}
}

@article{wang2024exploring,
  title={Exploring Tokenization Methods for Multitrack Sheet Music Generation},
  author={Wang, Yashan and Wu, Shangda and Du, Xingjian and Sun, Maosong},
  journal={arXiv preprint arXiv:2410.17584},
  year={2024}
}

@article{wu2023clamp,
  title={Clamp: Contrastive language-music pre-training for cross-modal symbolic music information retrieval},
  author={Wu, Shangda and Yu, Dingyao and Tan, Xu and Sun, Maosong},
  journal={arXiv preprint arXiv:2304.11029},
  year={2023}
}

@article{radford2019language,
  title={Language models are unsupervised multitask learners},
  author={Radford, Alec and Wu, Jeffrey and Child, Rewon and Luan, David and Amodei, Dario and Sutskever, Ilya and others},
  journal={OpenAI blog},
  volume={1},
  number={8},
  pages={9},
  year={2019}
}

@article{neuwirth2018annotated,
  title={The Annotated Beethoven Corpus (ABC): A dataset of harmonic analyses of all Beethoven string quartets},
  author={Neuwirth, Markus and Harasim, Daniel and Moss, Fabian C and Rohrmeier, Martin},
  journal={Frontiers in Digital Humanities},
  volume={5},
  pages={379513},
  year={2018},
  publisher={Frontiers}
}

@inproceedings{hentschel2021semi,
  title={A semi-automated workflow paradigm for the distributed creation and curation of expert annotations},
  author={Hentschel, Johannes and Moss, Fabian Claude and Neuwirth, Markus and Rohrmeier, Martin},
  booktitle={Proceedings of the 22nd International Society for Music Information Retrieval Conference},
  year={2021}
}

@article{hentschel2021annotated,
  title={The annotated mozart sonatas: Score, harmony, and cadence},
  author={Hentschel, Johannes and Neuwirth, Markus and Rohrmeier, Martin},
  journal={Transactions of the International Society for Music Information Retrieval},
  volume={4},
  number={1},
  pages={67--80},
  year={2021}
}

@inproceedings{gotham2023openscore,
  title={The “OpenScore String Quartet” Corpus},
  author={Gotham, Mark and Redbond, Maureen and Bower, Bruno and Jonas, Peter},
  booktitle={Proceedings of the 10th International Conference on Digital Libraries for Musicology},
  pages={49--57},
  year={2023}
}

@inproceedings{gotham2022openscore,
  title={The OpenScore Lieder Corpus},
  author={Gotham, Mark Robert Haigh and Jonas, Peter},
  booktitle={Music Encoding Conference Proceedings 2021, 19--22 July, 2021 University of Alicante (Spain): Onsite \& Online},
  pages={131--136},
  year={2022},
  organization={Universidad de Alicante/Universitat d'Alacant}
}

@inproceedings{zhang2022atepp,
  title={ATEPP: A Dataset of Automatically Transcribed Expressive Piano Performance},
  author={Zhang, Huan and Tang, Jingjing and Rafee, Syed RM and Dixon, Simon and Fazekas, George and Wiggins, Geraint A},
  booktitle={Ismir 2022 Hybrid Conference},
  year={2022}
}

@inproceedings{sapp2005online,
  title={Online Database of Scores in the Humdrum File Format.},
  author={Sapp, Craig Stuart},
  booktitle={ISMIR},
  pages={664--665},
  year={2005}
}

@article{retkowski2024frechet,
  title={Frechet Music Distance: A Metric For Generative Symbolic Music Evaluation},
  author={Retkowski, Jan and St{\k{e}}pniak, Jakub and Modrzejewski, Mateusz},
  journal={arXiv preprint arXiv:2412.07948},
  year={2024}
}

@article{pal2024smaug,
  title={Smaug: Fixing failure modes of preference optimisation with dpo-positive},
  author={Pal, Arka and Karkhanis, Deep and Dooley, Samuel and Roberts, Manley and Naidu, Siddartha and White, Colin},
  journal={arXiv preprint arXiv:2402.13228},
  year={2024}
}

@misc{skytnt2024midimodel,
  author = {SkyTNT},
  title = {Midi Model: Midi event transformer for symbolic music generation},
  year = {2024},
  howpublished = {\url{https://github.com/SkyTNT/midi-model}},
}

@article{loshchilov2019decoupled,
  title={Decoupled Weight Decay Regularization},
  author={Loshchilov, Ilya and Hutter, Frank},
  journal={arXiv preprint arXiv:1711.05101},
  year={2019}
}

@article{10.5555/177910.177914,
    author = {Gage, Philip},
    title = {A new algorithm for data compression},
    year = {1994},
    issue_date = {Feb. 1994},
    publisher = {R \& D Publications, Inc.},
    address = {USA},
    volume = {12},
    number = {2},
    issn = {0898-9788},
    journal = {C Users J.},
    month = feb,
    pages = {23–38},
    numpages = {16}
}

@inproceedings{lev2024losangelesmididataset,
    title       = {Los Angeles MIDI Dataset: SOTA kilo-scale MIDI dataset for MIR and Music AI purposes},
    author      = {Aleksandr Lev},
    booktitle   = {GitHub},
    year        = {2024},
}

@article{liu2022symphony,
  title={Symphony generation with permutation invariant language model},
  author={Liu, Jiafeng and Dong, Yuanliang and Cheng, Zehua and Zhang, Xinran and Li, Xiaobing and Yu, Feng and Sun, Maosong},
  journal={arXiv preprint arXiv:2205.05448},
  year={2022}
}

@inproceedings{casini2022tradformer,
  title={Tradformer: A transformer model of traditional music transcriptions},
  author={Casini, Luca and Sturm, Bob},
  booktitle={International Joint Conference on Artificial Intelligence IJCAI 2022, Vienna, Austria, 23-29 July 2022},
  pages={4915--4920},
  year={2022}
}

@misc{beyer2024endtoendpianoperformancemidiscore,
      title={End-to-end Piano Performance-MIDI to Score Conversion with Transformers}, 
      author={Tim Beyer and Angela Dai},
      year={2024},
      eprint={2410.00210},
      archivePrefix={arXiv},
      primaryClass={cs.SD},
      url={https://arxiv.org/abs/2410.00210}, 
}