@inproceedings{dua2022automatic,
  title={Automatic Detection of Noisy Electrocardiogram Signals Without Explicit Noise Labels},
  author={Dua, Radhika and Lee, Jiyoung and Kwon, Joon-myoung and Choi, Edward},
  booktitle={International Conference on Pattern Recognition},
  pages={634--643},
  year={2022},
  organization={Springer}
}
@INPROCEEDINGS{7495143,
  author={Azariadi, Dimitra and Tsoutsouras, Vasileios and Xydis, Sotirios and Soudris, Dimitrios},
  booktitle={2016 5th International Conference on Modern Circuits and Systems Technologies (MOCAST)}, 
  title={ECG signal analysis and arrhythmia detection on IoT wearable medical devices}, 
  year={2016},
  volume={},
  number={},
  pages={1-4},
  keywords={Electrocardiography;Heart beat;Support vector machines;Feature extraction;Discrete wavelet transforms;Internet of things;Algorithm design and analysis;ECG analysis;ECG heartbeat classification;Support-Vector-Machine (SVM);Discrete-Wavelet-Transform (DWT);Internet-of-Things (IoT);Embedded Systems},
  doi={10.1109/MOCAST.2016.7495143}}
@ARTICLE{5446331,
  author={Oresko, Joseph J. and Jin, Zhanpeng and Cheng, Jun and Huang, Shimeng and Sun, Yuwen and Duschl, Heather and Cheng, Allen C.},
  journal={IEEE Transactions on Information Technology in Biomedicine}, 
  title={A Wearable Smartphone-Based Platform for Real-Time Cardiovascular Disease Detection Via Electrocardiogram Processing}, 
  year={2010},
  volume={14},
  number={3},
  pages={734-740},
  keywords={Cardiovascular diseases;Electrocardiography;Biomedical monitoring;Electric variables measurement;Hospitals;Patient monitoring;Feedback;Heart beat;Computer displays;Smart phones;Arrhythmia detection;cardiovascular disease (CVD) detection;ECG processing;machine learning;smartphone;windows mobile},
  doi={10.1109/TITB.2010.2047865}}
@article{smigiel2021ecg,
  title={ECG signal classification using deep learning techniques based on the PTB-XL dataset},
  author={{\'S}migiel, Sandra and Pa{\l}czy{\'n}ski, Krzysztof and Ledzi{\'n}ski, Damian},
  journal={Entropy},
  volume={23},
  number={9},
  pages={1121},
  year={2021},
  publisher={MDPI}
}
@INPROCEEDINGS{7164783,
  author={Jambukia, Shweta H. and Dabhi, Vipul K. and Prajapati, Harshadkumar B.},
  booktitle={2015 International Conference on Advances in Computer Engineering and Applications}, 
  title={Classification of ECG signals using machine learning techniques: A survey}, 
  year={2015},
  volume={},
  number={},
  pages={714-721},
  keywords={Electrocardiography;Feature extraction;Discrete wavelet transforms;Accuracy;Heart;Classification algorithms;Training;ECG classification;survey;preprocessing;neural network;mit-bih database;feature extraction;pan-tompkins algorithm},
  doi={10.1109/ICACEA.2015.7164783}
}
@INPROCEEDINGS{9991600,
  author={Barbosa, Luís C.N. and Real, António and Moreira, António H.J. and Carvalho, Vítor and Vilaça, João L. and Morais, Pedro},
  booktitle={2022 E-Health and Bioengineering Conference (EHB)}, 
  title={ECG Classification with Deep Learning Models – A Comparative Study}, 
  year={2022},
  volume={},
  number={},
  pages={01-04},
  keywords={Deep learning;Databases;Soft sensors;Arrhythmia;Computer architecture;Electrocardiography;Robustness;Deep Learning Methods;ECG Classification;ECG Databases;Artificial Intelligence;Biosignals Processing},
  doi={10.1109/EHB55594.2022.9991600}}
@article{satija2017automated,
  title={Automated ECG noise detection and classification system for unsupervised healthcare monitoring},
  author={Satija, Udit and Ramkumar, Barathram and Manikandan, M Sabarimalai},
  journal={IEEE Journal of biomedical and health informatics},
  volume={22},
  number={3},
  pages={722--732},
  year={2017},
  publisher={IEEE}
}
@article{kabir2012denoising,
  title={Denoising of ECG signals based on noise reduction algorithms in EMD and wavelet domains},
  author={Kabir, Md Ashfanoor and Shahnaz, Celia},
  journal={Biomedical Signal Processing and Control},
  volume={7},
  number={5},
  pages={481--489},
  year={2012},
  publisher={Elsevier}
}
@article{article,
author = {Li, Qiao and Rajagopalan, Cadathur and Clifford, Gari},
year = {2014},
month = {09},
pages = {},
title = {A machine learning approach to Multi-level ECG signal quality classification},
volume = {117},
journal = {Computer Methods and Programs in Biomedicine},
doi = {10.1016/j.cmpb.2014.09.002}
}
@inproceedings{aminifar2024recognoise,
  title={Recognoise: Machine-learning-based recognition of noisy segments in electrocardiogram signals},
  author={Aminifar, Amin and Khooyooz, Soheil and Jahanjoo, Anice and Shakibhamedan, Salar and TaheriNejad, Nima},
  booktitle={2024 IEEE International Symposium on Circuits and Systems (ISCAS). IEEE},
  year={2024}
}

@misc{whf_report1,
author = {World Health Federation},
title = {WORLD HEART
REPORT 2023},
howpublished = {\url{https://world-heart-federation.org/news/deaths-from-cardiovascular-disease-surged-60-globally-over-the-last-30-years-report/}},
month = {},
year = {2023},
note = {(Accessed on 2/20/2025)}
}
@article{de1998prognostic,
  title={Prognostic value of ECG findings for total, cardiovascular disease, and coronary heart disease death in men and women},
  author={De Bacquer, Dirk and De Backer, Guy and Kornitzer, Marcel and Blackburn, Henry},
  journal={Heart},
  volume={80},
  number={6},
  pages={570--577},
  year={1998},
  publisher={BMJ Publishing Group Ltd and British Cardiovascular Society}
}
@article{abubaker2022detection,
  title={Detection of cardiovascular diseases in ECG images using machine learning and deep learning methods},
  author={Abubaker, Mohammed B and Babayi{\u{g}}it, Bilal},
  journal={IEEE transactions on artificial intelligence},
  volume={4},
  number={2},
  pages={373--382},
  year={2022},
  publisher={IEEE}
}
@article{corrado2010recommendations,
  title={Recommendations for interpretation of 12-lead electrocardiogram in the athlete},
  author={Corrado, Domenico and Pelliccia, Antonio and Heidbuchel, Hein and Sharma, Sanjay and Link, Mark and Basso, Cristina and Biffi, Alessandro and Buja, Gianfranco and Delise, Pietro and Gussac, Ihor and others},
  journal={European heart journal},
  volume={31},
  number={2},
  pages={243--259},
  year={2010},
  publisher={Oxford University Press}
}
@article{moody1984bih,
  title={The MIT-BIH noise stress test database},
  author={Moody, G and Muldrow, WE and Mark, R},
  journal={Computers in cardiology},
  volume={11},
  pages={381--384},
  year={1984}
}
@article{nemcova2020brno,
  title={Brno university of technology ECG quality database (BUT QDB)},
  author={Nemcova, Andrea and Smisek, Radovan and Opravilov{\'a}, Kamila and Vitek, Martin and Smital, Lukas and Mar{\v{s}}{\'a}nov{\'a}, Lucie},
  journal={PhysioNet},
  volume={101},
  pages={e215--e220},
  year={2020}
}
@article{kristensen2016use,
  title={The use of a portable three-lead ECG monitor to detect atrial fibrillation in general practice},
  author={Kristensen, Anne N and Jeyam, Brintha and Riahi, Sam and Jensen, Martin B},
  journal={Scandinavian journal of primary health care},
  volume={34},
  number={3},
  pages={304--308},
  year={2016},
  publisher={Taylor \& Francis}
}
@article{chatterjee2020review,
  title={Review of noise removal techniques in ECG signals},
  author={Chatterjee, Shubhojeet and Thakur, Rini Smita and Yadav, Ram Narayan and Gupta, Lalita and Raghuvanshi, Deepak Kumar},
  journal={IET Signal Processing},
  volume={14},
  number={9},
  pages={569--590},
  year={2020},
  publisher={Wiley Online Library}
}
@article{sahu2024wearable,
  title={Wearable Technology Insights: Unveiling Physiological Responses During Three Different Socially Anxious Activities},
  author={Sahu, Nilesh Kumar and Gupta, Snehil and Lone, Haroon},
  journal={ACM Journal on Computing and Sustainable Societies},
  year={2024},
  publisher={ACM New York, NY}
}