@INPROCEEDINGS{7164783,
  author={Jambukia, Shweta H. and Dabhi, Vipul K. and Prajapati, Harshadkumar B.},
  booktitle={2015 International Conference on Advances in Computer Engineering and Applications}, 
  title={Classification of ECG signals using machine learning techniques: A survey}, 
  year={2015},
  volume={},
  number={},
  pages={714-721},
  keywords={Electrocardiography;Feature extraction;Discrete wavelet transforms;Accuracy;Heart;Classification algorithms;Training;ECG classification;survey;preprocessing;neural network;mit-bih database;feature extraction;pan-tompkins algorithm},
  doi={10.1109/ICACEA.2015.7164783}
}

@INPROCEEDINGS{9991600,
  author={Barbosa, Luís C.N. and Real, António and Moreira, António H.J. and Carvalho, Vítor and Vilaça, João L. and Morais, Pedro},
  booktitle={2022 E-Health and Bioengineering Conference (EHB)}, 
  title={ECG Classification with Deep Learning Models – A Comparative Study}, 
  year={2022},
  volume={},
  number={},
  pages={01-04},
  keywords={Deep learning;Databases;Soft sensors;Arrhythmia;Computer architecture;Electrocardiography;Robustness;Deep Learning Methods;ECG Classification;ECG Databases;Artificial Intelligence;Biosignals Processing},
  doi={10.1109/EHB55594.2022.9991600}}

@inproceedings{aminifar2024recognoise,
  title={Recognoise: Machine-learning-based recognition of noisy segments in electrocardiogram signals},
  author={Aminifar, Amin and Khooyooz, Soheil and Jahanjoo, Anice and Shakibhamedan, Salar and TaheriNejad, Nima},
  booktitle={2024 IEEE International Symposium on Circuits and Systems (ISCAS). IEEE},
  year={2024}
}

@article{article,
author = {Li, Qiao and Rajagopalan, Cadathur and Clifford, Gari},
year = {2014},
month = {09},
pages = {},
title = {A machine learning approach to Multi-level ECG signal quality classification},
volume = {117},
journal = {Computer Methods and Programs in Biomedicine},
doi = {10.1016/j.cmpb.2014.09.002}
}

@inproceedings{dua2022automatic,
  title={Automatic Detection of Noisy Electrocardiogram Signals Without Explicit Noise Labels},
  author={Dua, Radhika and Lee, Jiyoung and Kwon, Joon-myoung and Choi, Edward},
  booktitle={International Conference on Pattern Recognition},
  pages={634--643},
  year={2022},
  organization={Springer}
}

@article{kabir2012denoising,
  title={Denoising of ECG signals based on noise reduction algorithms in EMD and wavelet domains},
  author={Kabir, Md Ashfanoor and Shahnaz, Celia},
  journal={Biomedical Signal Processing and Control},
  volume={7},
  number={5},
  pages={481--489},
  year={2012},
  publisher={Elsevier}
}

@article{satija2017automated,
  title={Automated ECG noise detection and classification system for unsupervised healthcare monitoring},
  author={Satija, Udit and Ramkumar, Barathram and Manikandan, M Sabarimalai},
  journal={IEEE Journal of biomedical and health informatics},
  volume={22},
  number={3},
  pages={722--732},
  year={2017},
  publisher={IEEE}
}

@article{smigiel2021ecg,
  title={ECG signal classification using deep learning techniques based on the PTB-XL dataset},
  author={{\'S}migiel, Sandra and Pa{\l}czy{\'n}ski, Krzysztof and Ledzi{\'n}ski, Damian},
  journal={Entropy},
  volume={23},
  number={9},
  pages={1121},
  year={2021},
  publisher={MDPI}
}

