
%%%%% ARTICLE TEMPLATE %%%%%%
@article{IEEEexample:article_typical,
  author        = "S. Zhang and C. Zhu and J. K. O. Sin and P. K. T. Mok",
  title         = "A Novel Ultrathin Elevated Channel Low-temperature 
                   Poly-{Si} {TFT}",
  journal       = IEEE_J_EDL,
  volume        = "20",
  month         = nov,
  year          = "1999",
  pages         = "569-571"
}


%%%%% INPROCEEDINGS TEMPLATE %%%%%%
@inproceedings{IEEEexample:conf_typical,
  author        = "R. K. Gupta and S. D. Senturia",
  title         = "Pull-in Time Dynamics as a Measure of Absolute Pressure",
  booktitle     = "Proc. {IEEE} International Workshop on
                   Microelectromechanical Systems ({MEMS}'97)",
  address       = "Nagoya, Japan",
  month         = jan,
  year          = "1997",
  pages         = "290-294"
}




%%%%% BOOK TEMPLATE %%%%%%
@book{IEEEexample:book_typical,
  author        = "B. D. Cullity",
  title         = "Introduction to Magnetic Materials",
  publisher     = "Addison-Wesley",
  address       = "Reading, MA",
  year          = "1972"
}





%%%%%% INTRODUCTION %%%%%%%

@article{Liu22reviewaudio,
  author       = {Shuo Liu and
                  Adria Mallol{-}Ragolta and
                  Emilia Parada{-}Cabaleiro and
                  Kun Qian and
                  Xin Jing and
                  Alexander Kathan and
                  Bin Hu and
                  Bj{\"{o}}rn W. Schuller},
  title        = {Audio self-supervised learning: {A} survey},
  journal      = {Patterns},
  volume       = {3},
  number       = {12},
  pages        = {100616},
  year         = {2022},
}

@article{sslreview,
  author       = {Randall Balestriero and
                  Mark Ibrahim and
                  Vlad Sobal and
                  Ari Morcos and
                  Shashank Shekhar and
                  Tom Goldstein and
                  Florian Bordes and
                  Adrien Bardes and
                  Gr{\'{e}}goire Mialon and
                  Yuandong Tian and
                  Avi Schwarzschild and
                  Andrew Gordon Wilson and
                  Jonas Geiping and
                  Quentin Garrido and
                  Pierre Fernandez and
                  Amir Bar and
                  Hamed Pirsiavash and
                  Yann LeCun and
                  Micah Goldblum},
  title        = {A Cookbook of Self-Supervised Learning},
  journal      = {arXiv:2304.12210},
  year         = {2023},
}

@inproceedings{Devlin19bert,
  author       = {Jacob Devlin and
                  Ming{-}Wei Chang and
                  Kenton Lee and
                  Kristina Toutanova},
  title        = {{BERT:} Pre-training of Deep Bidirectional Transformers for Language
                  Understanding},
  booktitle    = {Pro. {NAACL-HLT}},
  pages        = {4171--4186},
  year         = {2019},
  month        = {June},
  address      = {Minneapolis}
}

@inproceedings{turian2022hear,
  author={Turian, J. and Shier, J. and Khan, H. R. and Raj, B. and Schuller, B. W. and Steinmetz, C. J. and Malloy, C. and Tzanetakis, G. and Velarde, G. and McNally, K. and others},
  title={Hear: Holistic evaluation of audio representations},  
  booktitle={NeurIPS 2021 Competitions and Demonstrations Track},
  year={2022},
  pages={125-145},
  address = {},
  month = {December}}

@INPROCEEDINGS{lWang2022hares,
  author={Wang, Luyu and Luc, Pauline and Wu, Yan and Recasens, Adrià and Smaira, Lucas and Brock, Andrew and Jaegle, Andrew and Alayrac, Jean-Baptiste and Dieleman, Sander and Carreira, Joao and van den Oord, Aäron},
  title={Towards Learning Universal Audio Representations}, 
  booktitle = {Proc. ICASSP},
  year={2022},
  volume={},
  pages={4593-4597},
  address = {Singapore},
  month = {April}
}
  

@inproceedings{Saeed21,
  author       = {Aaqib Saeed and
                  David Grangier and
                  Neil Zeghidour},
  title        = {Contrastive Learning of General-Purpose Audio Representations},
  booktitle    = {Proc. ICASSP},
  pages        = {3875--3879},
  year         = {2021},
  address = {Toronto},
  month = {June}
}



@inproceedings{Grill20byol,
  author       = {Jean{-}Bastien Grill and
                  Florian Strub and
                  Florent Altch{\'{e}} and
                  Corentin Tallec and
                  Pierre H. Richemond and
                  Elena Buchatskaya and
                  Carl Doersch and
                  Bernardo {\'{A}}vila Pires and
                  Zhaohan Guo and
                  Mohammad Gheshlaghi Azar and
                  Bilal Piot and
                  Koray Kavukcuoglu and
                  R{\'{e}}mi Munos and
                  Michal Valko},
  title        = {Bootstrap Your Own Latent - {A} New Approach to Self-Supervised Learning},
  booktitle    = {Proc. NeurIPS },
  year         = {2020},
  month = {December},
  address = {Virtual}
}

@inproceedings{baevski22data2vec,
  author       = {Alexei Baevski and
                  Wei{-}Ning Hsu and
                  Qiantong Xu and
                  Arun Babu and
                  Jiatao Gu and
                  Michael Auli},
  title        = {data2vec: {A} General Framework for Self-supervised Learning in Speech,
                  Vision and Language},
  booktitle    = {Proc. ICML},
  volume       = {162},
  address      = {Baltimore},
  pages        = {1298--1312},
  month        = {July},
  year         = {2022},
}

@article{Niizumi23byola,
  author       = {Daisuke Niizumi and
                  Daiki Takeuchi and
                  Yasunori Ohishi and
                  Noboru Harada and
                  Kunio Kashino},
  title        = {{BYOL} for Audio: Exploring Pre-Trained General-Purpose Audio Representations},
  journal      = {{IEEE} {ACM} Trans. Audio Speech Lang. Process.},
  volume       = {31},
  pages        = {137--151},
  year         = {2023},
}

@inproceedings{niizumi23m2d,
  author       = {Daisuke Niizumi and
                  Daiki Takeuchi and
                  Yasunori Ohishi and
                  Noboru Harada and
                  Kunio Kashino},
  title        = {Masked Modeling Duo: Learning Representations by Encouraging Both
                  Networks to Model the Input},
  booktitle    = {Proc. ICASSP},
  pages        = {1--5},
  year         = {2023},
  month = {June},
}

@article{Hsu21HUBERT,
  author       = {Wei{-}Ning Hsu and
                  Benjamin Bolte and
                  Yao{-}Hung Hubert Tsai and
                  Kushal Lakhotia and
                  Ruslan Salakhutdinov and
                  Abdelrahman Mohamed},
  title        = {HuBERT: Self-Supervised Speech Representation Learning by Masked Prediction
                  of Hidden Units},
  journal      = {{IEEE} {ACM} Trans. Audio Speech Lang. Process.},
  volume       = {29},
  month = {},
  year         = {2021},
  pages        = {3451--3460},
}

@inproceedings{huang2022MAE,
    author = {Huang, Po-Yao and Xu, Hu and Li, Juncheng and Baevski, Alexei and Auli, Michael and Galuba, Wojciech and Metze, Florian and Feichtenhofer, Christoph},
  title = {Masked Autoencoders that Listen},
  
  booktitle = {NeurIPS},
  address = {New Orleans},
  month = {December},
  year = {2022}
}

@inproceedings{baevski23data2vec2,
  author       = {Alexei Baevski and
                  Arun Babu and
                  Wei{-}Ning Hsu and
                  Michael Auli},
  title        = {Efficient Self-supervised Learning with Contextualized Target Representations
                  for Vision, Speech and Language},
  booktitle    = {Proc. ICML},
  address      = {Honolulu},
  month        = {July},
  volume       = {202},
  pages        = {1416--1429},
  year         = {2023},
}

@inproceedings{assran23ijepa,
  author       = {Mahmoud Assran and
                  Quentin Duval and
                  Ishan Misra and
                  Piotr Bojanowski and
                  Pascal Vincent and
                  Michael G. Rabbat and
                  Yann LeCun and
                  Nicolas Ballas},
  title        = {Self-Supervised Learning from Images with a Joint-Embedding Predictive
                  Architecture},
  booktitle    = {Proc. CVPR, Vancouver, BC, Canada, June 17-24, 2023},
  pages        = {15619--15629},
  month  = {June},
  address = {Vancouver},
  year         = {2023},
}

@inproceedings{riou24jepa,
  title={Investigating Design Choices in Joint-Embedding Predictive Architectures for General Audio Representation Learning},
  author={Alain Riou and Stefan Lattner and Ga{\"e}tan Hadjeres and Geoffroy Peeters},
  booktitle={Proc. ICASSPW},
  year={2024},
  month={April},
  address={Seoul},
  pages={680-684},
}

@inproceedings{chen23beats,
  author       = {Sanyuan Chen and
                  Yu Wu and
                  Chengyi Wang and
                  Shujie Liu and
                  Daniel Tompkins and
                  Zhuo Chen and
                  Wanxiang Che and
                  Xiangzhan Yu and
                  Furu Wei},
  title        = {BEATs: Audio Pre-Training with Acoustic Tokenizers},
  booktitle    = {Proc. ICML},
  volume       = {202},
  pages        = {5178--5193},
  year         = {2023},
  month = {July},
  address = {Honolulu}
}

@article{LiSL24atst,
  author       = {Xian Li and
                  Nian Shao and
                  Xiaofei Li},
  title        = {Self-Supervised Audio Teacher-Student Transformer for Both Clip-Level
                  and Frame-Level Tasks},
  journal      = {{IEEE} {ACM} Trans. Audio Speech Lang. Process.},
  volume       = {32},
  pages        = {1336--1351},
  year         = {2024},
  month = {},
}

@inproceedings{Baade22maeast,
  author       = {Alan Baade and
                  Puyuan Peng and
                  David Harwath},
  title        = {{MAE-AST:} Masked Autoencoding Audio Spectrogram Transformer},
  booktitle    = {Proc. Interspeech},
  pages        = {2438--2442},
  year         = {2022},
  month = {September},
  address = {Incheon}
}

@inproceedings{Gong22ssast,
  author       = {Yuan Gong and
                  Cheng{-}I Lai and
                  Yu{-}An Chung and
                  James R. Glass},
  title        = {{SSAST:} Self-Supervised Audio Spectrogram Transformer},
  booktitle    = {Proc. AAAI},
  pages        = {10699--10709},
  year         = {2022},
  address = {Virtual},
  month = {March}
}



@inproceedings{Caron21dino,
  author       = {Mathilde Caron and
                  Hugo Touvron and
                  Ishan Misra and
                  Herv{\'{e}} J{\'{e}}gou and
                  Julien Mairal and
                  Piotr Bojanowski and
                  Armand Joulin},
  title        = {Emerging Properties in Self-Supervised Vision Transformers},
  booktitle    = {Proc. ICCV},
  pages        = {9630--9640},
  year         = {2021},
  month = {October},
  address = {Montreal}
}

@inproceedings{assran23vlusterprior,
  author       = {Mido Assran and
                  Randall Balestriero and
                  Quentin Duval and
                  Florian Bordes and
                  Ishan Misra and
                  Piotr Bojanowski and
                  Pascal Vincent and
                  Michael G. Rabbat and
                  Nicolas Ballas},
  title        = {The hidden uniform cluster prior in self-supervised learning},
  booktitle    = {Proc. ICLR},
  year         = {2023},
  address = {Rwanda},  
  month = {May}
}

@inproceedings{Meseguer-Brocal24compare,
  author       = {Gabriel Meseguer{-}Brocal and
                  Dorian Desblancs and
                  Romain Hennequin},
  title        = {An Experimental Comparison of Multi-View Self-Supervised Methods for
                  Music Tagging},
  booktitle    = {Proc. ICASSP},
  pages        = {1141--1145},
  year         = {2024},
  address = {Seoul},  
  month = {April}
}





%%%%%%%%% Related Works %%%%%%%%%%%%%
@inproceedings{Zhou22ibot,
  author       = {Jinghao Zhou and
                  Chen Wei and
                  Huiyu Wang and
                  Wei Shen and
                  Cihang Xie and
                  Alan L. Yuille and
                  Tao Kong},
  title        = {IBOT: Image {BERT} Pre-training with Online Tokenizer},
  booktitle    = {Proc. ICLR},
  year         = {2022},
  address = {Virtual},  
  month = {April}
}

@article{OquabA24dinov2,
  author       = {Maxime Oquab and
                  Timoth{\'{e}}e Darcet and
                  Th{\'{e}}o Moutakanni and
                  Huy V. Vo and
                  Marc Szafraniec and
                  Vasil Khalidov and
                  Pierre Fernandez and
                  Daniel Haziza and
                  Francisco Massa and
                  Alaaeldin El{-}Nouby and
                  Mido Assran and
                  Nicolas Ballas and
                  Wojciech Galuba and
                  Russell Howes and
                  Po{-}Yao Huang and
                  Shang{-}Wen Li and
                  Ishan Misra and
                  Michael Rabbat and
                  Vasu Sharma and
                  Gabriel Synnaeve and
                  Hu Xu and
                  Herv{\'{e}} J{\'{e}}gou and
                  Julien Mairal and
                  Patrick Labatut and
                  Armand Joulin and
                  Piotr Bojanowski},
  title        = {DINOv2: Learning Robust Visual Features without Supervision},
  journal      = {Trans. Machine Learning Research},
  year         = {2024},
  volume        = {},
  month         = {January},
  pages         = {}
}

@inproceedings{Li24mert,
  author       = {Yizhi Li and
                  Ruibin Yuan and
                  Ge Zhang and
                  Yinghao Ma and
                  Xingran Chen and
                  Hanzhi Yin and
                  Chenghao Xiao and
                  Chenghua Lin and
                  Anton Ragni and
                  Emmanouil Benetos and
                  Norbert Gyenge and
                  Roger B. Dannenberg and
                  Ruibo Liu and
                  Wenhu Chen and
                  Gus Xia and
                  Yemin Shi and
                  Wenhao Huang and
                  Zili Wang and
                  Yike Guo and
                  Jie Fu},
  title        = {{MERT:} Acoustic Music Understanding Model with Large-Scale Self-supervised
                  Training},
  booktitle    = {Proc. ICLR},
  year         = {2024},
  month = {May},
  address = {Vienna}
}

@inproceedings{Koutini22passt,
  author       = {Khaled Koutini and
                  Jan Schl{\"{u}}ter and
                  Hamid Eghbal{-}zadeh and
                  Gerhard Widmer},
  title        = {Efficient Training of Audio Transformers with Patchout},
  booktitle    = {Proc. Interspeech},
  address = {Incheon},
  month = {September},
  pages        = {2753--2757},
  year         = {2022},
}

@inproceedings{Chen22htsat,
  author       = {Ke Chen and
                  Xingjian Du and
                  Bilei Zhu and
                  Zejun Ma and
                  Taylor Berg{-}Kirkpatrick and
                  Shlomo Dubnov},
  title        = {{HTS-AT:} {A} Hierarchical Token-Semantic Audio Transformer for Sound
                  Classification and Detection},
  booktitle    = {Proc. ICASSP},
  pages        = {646--650},
  year         = {2022},
  month = {May},
  address = {Singapore}
}

%%%%%%%%% Method %%%%%%%%%%%%


%%%%%%%%%% Experiments %%%%%%%%%%%%%

@inproceedings{CastellonDL21mttsota,
  author       = {Rodrigo Castellon and
                  Chris Donahue and
                  Percy Liang},
  title        = {Codified audio language modeling learns useful representations for
                  music information retrieval},
  booktitle    = {Proc. ISMIR},
  pages        = {88--96},
  year         = {2021},
  month        = {November},
  address      = {Virtual},
}


@inproceedings{gemmeke2017audioset,
    author = {J. F. Gemmeke and D. P. W. Ellis and D. Freedman and A. Jansen and W. Lawrence and R. C. Moore and M. Plakal and M. Ritter},
    title = {{Audio Set}: An ontology and human-labeled dataset for audio events}, 
    booktitle={ICASSP}, 
    year = {2017},
    pages={776-780},
    month = {March},
    address = {New Orleans}
}

@InProceedings{Humphrey18openmic,
  author       = {Eric Humphrey and
                  Simon Durand and
                  Brian McFee},
  title        = {OpenMIC-2018: An Open Data-set for Multiple Instrument Recognition},
  booktitle    = {Proc. ISMIR},
  year         = {2018},
  month        = {September},
  address      = {Paris},
  pages        = {438--444}
}

@inproceedings{EngelRRDNES17nsynth,
  author       = {Jesse H. Engel and
                  Cinjon Resnick and
                  Adam Roberts and
                  Sander Dieleman and
                  Mohammad Norouzi and
                  Douglas Eck and
                  Karen Simonyan},
  title        = {Neural Audio Synthesis of Musical Notes with WaveNet Autoencoders},
  booktitle    = {Proceedings of the 34th International Conference on Machine Learning,
                  {ICML} 2017, Sydney, NSW, Australia, 6-11 August 2017},
  volume       = {70},
  pages        = {1068--1077},
  year         = {2017},
  month = {August},
  Address = {Sydney},
}

@article{TzanetakisC02gtzan,
  author       = {George Tzanetakis and
                  Perry R. Cook},
  title        = {Musical genre classification of audio signals},
  journal      = {{IEEE} Trans. Speech Audio Process.},
  volume       = {10},
  number       = {5},
  pages        = {293--302},
  year         = {2002},
  month       = {}
}

@inproceedings{SalamonJB14us8k,
  author       = {Justin Salamon and
                  Christopher Jacoby and
                  Juan Pablo Bello},
  title        = {A Dataset and Taxonomy for Urban Sound Research},
  booktitle    = {Proc. MM},
  pages        = {1041--1044},
  year         = {2014},
  month        = {November},
  adress       = {Orlando}
}

@article{FonsecaFPFS22fsd50k,
  author       = {Eduardo Fonseca and
                  Xavier Favory and
                  Jordi Pons and
                  Frederic Font and
                  Xavier Serra},
  title        = {{FSD50K:} An Open Dataset of Human-Labeled Sound Events},
  journal      = {{IEEE} {ACM} Trans. Audio Speech Lang. Process.},
  volume       = {30},
  pages        = {829--852},
  year         = {2022},
  month       = {}
}

@inproceedings{magnatag,
  author       = {Edith Law and
                  Kris West and
                  Michael Mandel and
                  Mert Bay J. Stephen Downie},
  title        = {valuation of Algorithms Using Games: The Case of Music Tagging.},
  booktitle    = {Proc. ISMIR},
  pages        = {387‑-392},
  year         = {2009},
  month = {October},
  address = {Kobe}
}

@inproceedings{Piczak15esc50,
  author       = {Karol J. Piczak},
  title        = {{ESC:} Dataset for Environmental Sound Classification},
  booktitle    = {Proc. MM},
  pages        = {1015--1018},
  year         = {2015},
  month        = {October},
  address      = {Brisbane},
}

@article{Sturm13gtzancorr,
  author       = {Bob L. Sturm},
  title        = {The {GTZAN} dataset: Its contents, its faults, their effects on evaluation,
                  and its future use},
  journal      = {},
  volume       = {abs/1306.1461},
  year         = {2013},
  url          = {http://arxiv.org/abs/1306.1461},
  eprinttype    = {arXiv},
}



Those fields that are not to be changed can be left out.
@IEEEtranBSTCTL{IEEEexample:BSTcontrol,
  CTLuse_article_number     = "yes",
  CTLuse_paper              = "yes",
  CTLuse_forced_etal        = "no",
  CTLmax_names_forced_etal  = "10",
  CTLnames_show_etal        = "1",
  CTLuse_alt_spacing        = "yes",
  CTLalt_stretch_factor     = "4",
  CTLdash_repeated_names    = "yes",
  CTLname_format_string     = "{f.~}{vv~}{ll}{, jj}",
  CTLname_latex_cmd         = "",
  CTLname_url_prefix        = "[Online]. Available:"
}


