@inproceedings{Baade22maeast,
  author       = {Alan Baade and
                  Puyuan Peng and
                  David Harwath},
  title        = {{MAE-AST:} Masked Autoencoding Audio Spectrogram Transformer},
  booktitle    = {Proc. Interspeech},
  pages        = {2438--2442},
  year         = {2022},
  month = {September},
  address = {Incheon}
}

@inproceedings{Caron21dino,
  author       = {Mathilde Caron and
                  Hugo Touvron and
                  Ishan Misra and
                  Herv{\'{e}} J{\'{e}}gou and
                  Julien Mairal and
                  Piotr Bojanowski and
                  Armand Joulin},
  title        = {Emerging Properties in Self-Supervised Vision Transformers},
  booktitle    = {Proc. ICCV},
  pages        = {9630--9640},
  year         = {2021},
  month = {October},
  address = {Montreal}
}

@inproceedings{Gong22ssast,
  author       = {Yuan Gong and
                  Cheng{-}I Lai and
                  Yu{-}An Chung and
                  James R. Glass},
  title        = {{SSAST:} Self-Supervised Audio Spectrogram Transformer},
  booktitle    = {Proc. AAAI},
  pages        = {10699--10709},
  year         = {2022},
  address = {Virtual},
  month = {March}
}

@article{Hsu21HUBERT,
  author       = {Wei{-}Ning Hsu and
                  Benjamin Bolte and
                  Yao{-}Hung Hubert Tsai and
                  Kushal Lakhotia and
                  Ruslan Salakhutdinov and
                  Abdelrahman Mohamed},
  title        = {HuBERT: Self-Supervised Speech Representation Learning by Masked Prediction
                  of Hidden Units},
  journal      = {{IEEE} {ACM} Trans. Audio Speech Lang. Process.},
  volume       = {29},
  month = {},
  year         = {2021},
  pages        = {3451--3460},
}

@inproceedings{Li24mert,
  author       = {Yizhi Li and
                  Ruibin Yuan and
                  Ge Zhang and
                  Yinghao Ma and
                  Xingran Chen and
                  Hanzhi Yin and
                  Chenghao Xiao and
                  Chenghua Lin and
                  Anton Ragni and
                  Emmanouil Benetos and
                  Norbert Gyenge and
                  Roger B. Dannenberg and
                  Ruibo Liu and
                  Wenhu Chen and
                  Gus Xia and
                  Yemin Shi and
                  Wenhao Huang and
                  Zili Wang and
                  Yike Guo and
                  Jie Fu},
  title        = {{MERT:} Acoustic Music Understanding Model with Large-Scale Self-supervised
                  Training},
  booktitle    = {Proc. ICLR},
  year         = {2024},
  month = {May},
  address = {Vienna}
}

@article{OquabA24dinov2,
  author       = {Maxime Oquab and
                  Timoth{\'{e}}e Darcet and
                  Th{\'{e}}o Moutakanni and
                  Huy V. Vo and
                  Marc Szafraniec and
                  Vasil Khalidov and
                  Pierre Fernandez and
                  Daniel Haziza and
                  Francisco Massa and
                  Alaaeldin El{-}Nouby and
                  Mido Assran and
                  Nicolas Ballas and
                  Wojciech Galuba and
                  Russell Howes and
                  Po{-}Yao Huang and
                  Shang{-}Wen Li and
                  Ishan Misra and
                  Michael Rabbat and
                  Vasu Sharma and
                  Gabriel Synnaeve and
                  Hu Xu and
                  Herv{\'{e}} J{\'{e}}gou and
                  Julien Mairal and
                  Patrick Labatut and
                  Armand Joulin and
                  Piotr Bojanowski},
  title        = {DINOv2: Learning Robust Visual Features without Supervision},
  journal      = {Trans. Machine Learning Research},
  year         = {2024},
  volume        = {},
  month         = {January},
  pages         = {}
}

@inproceedings{Zhou22ibot,
  author       = {Jinghao Zhou and
                  Chen Wei and
                  Huiyu Wang and
                  Wei Shen and
                  Cihang Xie and
                  Alan L. Yuille and
                  Tao Kong},
  title        = {IBOT: Image {BERT} Pre-training with Online Tokenizer},
  booktitle    = {Proc. ICLR},
  year         = {2022},
  address = {Virtual},  
  month = {April}
}

@inproceedings{assran23ijepa,
  author       = {Mahmoud Assran and
                  Quentin Duval and
                  Ishan Misra and
                  Piotr Bojanowski and
                  Pascal Vincent and
                  Michael G. Rabbat and
                  Yann LeCun and
                  Nicolas Ballas},
  title        = {Self-Supervised Learning from Images with a Joint-Embedding Predictive
                  Architecture},
  booktitle    = {Proc. CVPR, Vancouver, BC, Canada, June 17-24, 2023},
  pages        = {15619--15629},
  month  = {June},
  address = {Vancouver},
  year         = {2023},
}

@inproceedings{chen23beats,
  author       = {Sanyuan Chen and
                  Yu Wu and
                  Chengyi Wang and
                  Shujie Liu and
                  Daniel Tompkins and
                  Zhuo Chen and
                  Wanxiang Che and
                  Xiangzhan Yu and
                  Furu Wei},
  title        = {BEATs: Audio Pre-Training with Acoustic Tokenizers},
  booktitle    = {Proc. ICML},
  volume       = {202},
  pages        = {5178--5193},
  year         = {2023},
  month = {July},
  address = {Honolulu}
}

@inproceedings{niizumi23m2d,
  author       = {Daisuke Niizumi and
                  Daiki Takeuchi and
                  Yasunori Ohishi and
                  Noboru Harada and
                  Kunio Kashino},
  title        = {Masked Modeling Duo: Learning Representations by Encouraging Both
                  Networks to Model the Input},
  booktitle    = {Proc. ICASSP},
  pages        = {1--5},
  year         = {2023},
  month = {June},
}

@inproceedings{riou24jepa,
  title={Investigating Design Choices in Joint-Embedding Predictive Architectures for General Audio Representation Learning},
  author={Alain Riou and Stefan Lattner and Ga{\"e}tan Hadjeres and Geoffroy Peeters},
  booktitle={Proc. ICASSPW},
  year={2024},
  month={April},
  address={Seoul},
  pages={680-684},
}

