@article{deng2024unifying,
  title={Unifying fourteen post-hoc attribution methods with taylor interactions},
  author={Deng, Huiqi and Zou, Na and Du, Mengnan and Chen, Weifu and Feng, Guocan and Yang, Ziwei and Li, Zheyang and Zhang, Quanshi},
  journal={IEEE Transactions on Pattern Analysis and Machine Intelligence},
  year={2024},
  publisher={IEEE}
}

@article{dziugaite2017computing,
  title={Computing nonvacuous generalization bounds for deep (stochastic) neural networks with many more parameters than training data},
  author={Dziugaite, Gintare Karolina and Roy, Daniel M},
  journal={arXiv preprint arXiv:1703.11008},
  year={2017}
}

@article{foret2020sharpness,
  title={Sharpness-aware minimization for efficiently improving generalization},
  author={Foret, Pierre and Kleiner, Ariel and Mobahi, Hossein and Neyshabur, Behnam},
  journal={arXiv preprint arXiv:2010.01412},
  year={2020}
}

@article{frankle2018lottery,
  title={The lottery ticket hypothesis: Finding sparse, trainable neural networks},
  author={Frankle, Jonathan and Carbin, Michael},
  journal={arXiv preprint arXiv:1803.03635},
  year={2018}
}

@inproceedings{neyshabur2015norm,
  title={Norm-based capacity control in neural networks},
  author={Neyshabur, Behnam and Tomioka, Ryota and Srebro, Nathan},
  booktitle={Conference on learning theory},
  pages={1376--1401},
  year={2015},
  organization={PMLR}
}

@inproceedings{ren2023defining,
  title={Defining and quantifying the emergence of sparse concepts in dnns},
  author={Ren, Jie and Li, Mingjie and Chen, Qirui and Deng, Huiqi and Zhang, Quanshi},
  booktitle={Proceedings of the IEEE/CVF conference on computer vision and pattern recognition},
  pages={20280--20289},
  year={2023}
}

@inproceedings{ren2024we,
  title={Where we have arrived in proving the emergence of sparse interaction primitives in AI models},
  author={Ren, Qihan and Gao, Jiayang and Shen, Wen and Zhang, Quanshi},
  booktitle={The Twelfth International Conference on Learning Representations},
  year={2024}
}

@inproceedings{zhou2024explaining,
  title={Explaining generalization power of a dnn using interactive concepts},
  author={Zhou, Huilin and Zhang, Hao and Deng, Huiqi and Liu, Dongrui and Shen, Wen and Chan, Shih-Han and Zhang, Quanshi},
  booktitle={Proceedings of the AAAI Conference on Artificial Intelligence},
  volume={38},
  number={15},
  pages={17105--17113},
  year={2024}
}

