@article{frankle2018lottery,
  title={The lottery ticket hypothesis: Finding sparse, trainable neural networks},
  author={Frankle, Jonathan and Carbin, Michael},
  journal={arXiv preprint arXiv:1803.03635},
  year={2018}
}

@inproceedings{ren2024we,
  title={Where we have arrived in proving the emergence of sparse interaction primitives in AI models},
  author={Ren, Qihan and Gao, Jiayang and Shen, Wen and Zhang, Quanshi},
  booktitle={The Twelfth International Conference on Learning Representations},
  year={2024}
}

@article{dziugaite2017computing,
  title={Computing nonvacuous generalization bounds for deep (stochastic) neural networks with many more parameters than training data},
  author={Dziugaite, Gintare Karolina and Roy, Daniel M},
  journal={arXiv preprint arXiv:1703.11008},
  year={2017}
}

@article{foret2020sharpness,
  title={Sharpness-aware minimization for efficiently improving generalization},
  author={Foret, Pierre and Kleiner, Ariel and Mobahi, Hossein and Neyshabur, Behnam},
  journal={arXiv preprint arXiv:2010.01412},
  year={2020}
}

@inproceedings{neyshabur2015norm,
  title={Norm-based capacity control in neural networks},
  author={Neyshabur, Behnam and Tomioka, Ryota and Srebro, Nathan},
  booktitle={Conference on learning theory},
  pages={1376--1401},
  year={2015},
  organization={PMLR}
}

@inproceedings{chen2024defining,
title={Defining and extracting generalizable interaction primitives from {DNN}s},
author={Lu Chen and Siyu Lou and Benhao Huang and Quanshi Zhang},
booktitle={The Twelfth International Conference on Learning Representations},
year={2024},
url={https://openreview.net/forum?id=OCqyFVFNeF}
}

@inproceedings{li2023does,
  title={Does a neural network really encode symbolic concepts?},
  author={Li, Mingjie and Zhang, Quanshi},
  booktitle={International conference on machine learning},
  pages={20452--20469},
  year={2023},
  organization={PMLR}
}

@inproceedings{ren2023defining,
  title={Defining and quantifying the emergence of sparse concepts in dnns},
  author={Ren, Jie and Li, Mingjie and Chen, Qirui and Deng, Huiqi and Zhang, Quanshi},
  booktitle={Proceedings of the IEEE/CVF conference on computer vision and pattern recognition},
  pages={20280--20289},
  year={2023}
}

@inproceedings{zhou2024explaining,
  title={Explaining generalization power of a dnn using interactive concepts},
  author={Zhou, Huilin and Zhang, Hao and Deng, Huiqi and Liu, Dongrui and Shen, Wen and Chan, Shih-Han and Zhang, Quanshi},
  booktitle={Proceedings of the AAAI Conference on Artificial Intelligence},
  volume={38},
  number={15},
  pages={17105--17113},
  year={2024}
}

@article{deng2024unifying,
  title={Unifying fourteen post-hoc attribution methods with taylor interactions},
  author={Deng, Huiqi and Zou, Na and Du, Mengnan and Chen, Weifu and Feng, Guocan and Yang, Ziwei and Li, Zheyang and Zhang, Quanshi},
  journal={IEEE Transactions on Pattern Analysis and Machine Intelligence},
  year={2024},
  publisher={IEEE}
}

@article{dabkowski2017real,
  title={Real time image saliency for black box classifiers},
  author={Dabkowski, Piotr and Gal, Yarin},
  journal={Advances in neural information processing systems},
  volume={30},
  year={2017}
}

@article{li2023defining,
  title={Defining and quantifying and-or interactions for faithful and concise explanation of dnns},
  author={Li, Mingjie and Zhang, Quanshi},
  journal={arXiv preprint arXiv:2304.13312},
  year={2023}
}

@inproceedings{ren2024towards,
title={Towards the Dynamics of a {DNN} Learning Symbolic Interactions},
author={Qihan Ren and Junpeng Zhang and Yang Xu and Yue Xin and Dongrui Liu and Quanshi Zhang},
booktitle={The Thirty-eighth Annual Conference on Neural Information Processing Systems},
year={2024},
url={https://openreview.net/forum?id=dIHXwKjXRE}
}

@article{simonyan2014very,
  title={Very deep convolutional networks for large-scale image recognition},
  author={Simonyan, Karen},
  journal={arXiv preprint arXiv:1409.1556},
  year={2014}
}

@article{krizhevsky2009learning,
  title={Learning multiple layers of features from tiny images},
  author={Krizhevsky, Alex and Hinton, Geoffrey and others},
  year={2009},
  publisher={Toronto, ON, Canada}
}

@article{lecun1998gradient,
  title={Gradient-based learning applied to document recognition},
  author={LeCun, Yann and Bottou, L{\'e}on and Bengio, Yoshua and Haffner, Patrick},
  journal={Proceedings of the IEEE},
  volume={86},
  number={11},
  pages={2278--2324},
  year={1998},
  publisher={Ieee}
}

@inproceedings{he2016deep,
  title={Deep residual learning for image recognition},
  author={He, Kaiming and Zhang, Xiangyu and Ren, Shaoqing and Sun, Jian},
  booktitle={Proceedings of the IEEE conference on computer vision and pattern recognition},
  pages={770--778},
  year={2016}
}

@misc{tiny-imagenet,
    author = {mnmoustafa, Mohammed Ali},
    title = {Tiny ImageNet},
    publisher = {Kaggle},
    year = {2017},
    url = {https://kaggle.com/competitions/tiny-imagenet}
}

@article{devlin2018bert,
  title={Bert: Pre-training of deep bidirectional transformers for language understanding},
  author={Devlin, Jacob},
  journal={arXiv preprint arXiv:1810.04805},
  year={2018}
}

@inproceedings{socher2013recursive,
  title={Recursive deep models for semantic compositionality over a sentiment treebank},
  author={Socher, Richard and Perelygin, Alex and Wu, Jean and Chuang, Jason and Manning, Christopher D and Ng, Andrew Y and Potts, Christopher},
  booktitle={Proceedings of the 2013 conference on empirical methods in natural language processing},
  pages={1631--1642},
  year={2013}
}

@article{krizhevsky2012imagenet,
  title={Imagenet classification with deep convolutional neural networks},
  author={Krizhevsky, Alex and Sutskever, Ilya and Hinton, Geoffrey E},
  journal={Advances in neural information processing systems},
  volume={25},
  year={2012}
}

@article{wah2011caltech,
  title={The caltech-ucsd birds-200-2011 dataset},
  author={Wah, Catherine and Branson, Steve and Welinder, Peter and Perona, Pietro and Belongie, Serge},
  year={2011},
  publisher={California Institute of Technology}
}

@article{lin2017focal,
  title={Focal Loss for Dense Object Detection},
  author={Lin, T},
  journal={arXiv preprint arXiv:1708.02002},
  year={2017}
}

@inproceedings{
deng2022discovering,
title={{DISCOVERING} {AND} {EXPLAINING} {THE} {REPRESENTATION} {BOTTLENECK} {OF} {DNNS}},
author={Huiqi Deng and Qihan Ren and Hao Zhang and Quanshi Zhang},
booktitle={International Conference on Learning Representations},
year={2022},
url={https://openreview.net/forum?id=iRCUlgmdfHJ}
}

@article{zhou2023explaining,
  title={Explaining how a neural network play the go game and let people learn},
  author={Zhou, Huilin and Tang, Huijie and Li, Mingjie and Zhang, Hao and Liu, Zhenyu and Zhang, Quanshi},
  journal={arXiv preprint arXiv:2310.09838},
  year={2023}
}

@article{cortes1995support,
  title={Support-Vector Networks},
  author={Cortes, Corinna},
  journal={Machine Learning},
  year={1995}
}

@article{harsanyi1963,
 ISSN = {00206598, 14682354},
 author = {John C. Harsanyi},
 journal = {International Economic Review},
 number = {2},
 pages = {194--220},
 publisher = {[Economics Department of the University of Pennsylvania, Wiley, Institute of Social and Economic Research, Osaka University]},
 title = {A Simplified Bargaining Model for the n-Person Cooperative Game},
 urldate = {2022-08-25},
 volume = {4},
 year = {1963}
}

% Shapley taylor interaction index
@inproceedings{sundararajan2020shapley,
	title={The Shapley Taylor Interaction Index},
	author={Sundararajan, Mukund and Dhamdhere, Kedar and Agarwal, Ashish},
	booktitle={International Conference on Machine Learning},
	pages={9259--9268},
	year={2020},
	organization={PMLR}
}

@article{northcutt2021confident,
  title={Confident learning: Estimating uncertainty in dataset labels},
  author={Northcutt, Curtis and Jiang, Lu and Chuang, Isaac},
  journal={Journal of Artificial Intelligence Research},
  volume={70},
  pages={1373--1411},
  year={2021}
}

@article{shorten2019survey,
  title={A survey on image data augmentation for deep learning},
  author={Shorten, Connor and Khoshgoftaar, Taghi M},
  journal={Journal of big data},
  volume={6},
  number={1},
  pages={1--48},
  year={2019},
  publisher={Springer}
}

@article{madry2017towards,
  title={Towards deep learning models resistant to adversarial attacks},
  author={Madry, Aleksander},
  journal={arXiv preprint arXiv:1706.06083},
  year={2017}
}

@article{robbins1951stochastic,
  title={A stochastic approximation method},
  author={Robbins, Herbert and Monro, Sutton},
  journal={The annals of mathematical statistics},
  pages={400--407},
  year={1951},
  publisher={JSTOR}
}

@inproceedings{shrivastava2016training,
  title={Training region-based object detectors with online hard example mining},
  author={Shrivastava, Abhinav and Gupta, Abhinav and Girshick, Ross},
  booktitle={Proceedings of the IEEE conference on computer vision and pattern recognition},
  pages={761--769},
  year={2016}
}

@inproceedings{smirnov2018hard,
  title={Hard example mining with auxiliary embeddings},
  author={Smirnov, Evgeny and Melnikov, Aleksandr and Oleinik, Andrei and Ivanova, Elizaveta and Kalinovskiy, Ilya and Luckyanets, Eugene},
  booktitle={Proceedings of the IEEE Conference on Computer Vision and Pattern Recognition Workshops},
  pages={37--46},
  year={2018}
}

@inproceedings{peng2018jointly,
  title={Jointly optimize data augmentation and network training: Adversarial data augmentation in human pose estimation},
  author={Peng, Xi and Tang, Zhiqiang and Yang, Fei and Feris, Rogerio S and Metaxas, Dimitris},
  booktitle={Proceedings of the IEEE conference on computer vision and pattern recognition},
  pages={2226--2234},
  year={2018}
}

@inproceedings{forouzesh2024differences,
  title={Differences between hard and noisy-labeled samples: An empirical study},
  author={Forouzesh, Mahsa and Thiran, Patrick},
  booktitle={Proceedings of the 2024 SIAM International Conference on Data Mining (SDM)},
  pages={91--99},
  year={2024},
  organization={SIAM}
}

@article{zhang2024two,
  title={Two-Phase Dynamics of Interactions Explains the Starting Point of a DNN Learning Over-Fitted Features},
  author={Zhang, Junpeng and Li, Qing and Lin, Liang and Zhang, Quanshi},
  journal={arXiv preprint arXiv:2405.10262},
  year={2024}
}