@article{al2018contrast,
  title={Contrast enhancement for color images using an adjustable contrast stretching technique},
  author={Al-Ameen, Zohair},
  journal={International Journal of Computing},
  volume={17},
  number={2},
  pages={74--80},
  year={2018}
}

@article{banik2018contrast,
  title={Contrast enhancement of low-light image using histogram equalization and illumination adjustment},
  author={Banik, Partha Pratim and Saha, Rappy and Kim, Ki-Doo},
  journal={2018 international conference on electronics, information, and Communication (ICEIC)},
  pages={1--4},
  year={2018},
  organization={IEEE}
}

@article{cao2024zero,
  title={A Zero-Reference Low-Light Image-Enhancement Approach Based on Noise Estimation},
  author={Cao, Pingping and Niu, Qiang and Zhu, Yanping and Li, Tao},
  journal={Applied Sciences},
  volume={14},
  number={7},
  pages={2846},
  year={2024},
  publisher={MDPI}
}

@article{fei2023generative,
  title={Generative diffusion prior for unified image restoration and enhancement},
  author={Fei, Ben and Lyu, Zhaoyang and Pan, Liang and Zhang, Junzhe and Yang, Weidong and Luo, Tianyue and Zhang, Bo and Dai, Bo},
  journal={Proceedings of the IEEE/CVF Conference on Computer Vision and Pattern Recognition (CVPR)},
  pages={9935--9946},
  year={2023}
}

@article{ford1997reconstruction,
  title={Reconstruction of low-light images by use of the vector Wiener filter},
  author={Ford, Stephen D and Welsh, Byron M and Roggemann, Michael C and Lee, David J},
  journal={JOSA A},
  volume={14},
  number={10},
  pages={2678--2691},
  year={1997},
  publisher={Optica Publishing Group}
}

@article{fu2023learning,
  title={Learning a simple low-light image enhancer from paired low-light instances},
  author={Fu, Zhenqi and Yang, Yan and Tu, Xiaotong and Huang, Yue and Ding, Xinghao and Ma, Kai-Kuang},
  journal={Proceedings of the IEEE/CVF conference on computer vision and pattern recognition (CVPR)},
  pages={22252--22261},
  year={2023}
}

@article{fu2023raw,
  title={Raw image based over-exposure correction using channel-guidance strategy},
  author={Fu, Ying and Hong, Yang and Zou, Yunhao and Liu, Qiankun and Zhang, Yiming and Liu, Ning and Yan, Chenggang},
  journal={IEEE Transactions on Circuits and Systems for Video Technology},
  volume={34},
  number={4},
  pages={2749 - 2762},
  year={2023},
  publisher={IEEE}
}

@article{hai2023r2rnet,
  title={R2rnet: Low-light image enhancement via real-low to real-normal network},
  author={Hai, Jiang and Xuan, Zhu and Yang, Ren and Hao, Yutong and Zou, Fengzhu and Lin, Fang and Han, Songchen},
  journal={Journal of Visual Communication and Image Representation},
  volume={90},
  pages={103712},
  year={2023},
  publisher={Elsevier}
}

@article{li2023pixel,
  title={Pixel-wise gamma correction mapping for low-light image enhancement},
  author={Li, Xiangsheng and Liu, Manlu and Ling, Qiang},
  journal={IEEE Transactions on Circuits and Systems for Video Technology},
  volume={34},
  number={2},
  pages={681--694},
  year={2023},
  publisher={IEEE}
}

@article{li2023zero,
  title={Zero-Shot Enhancement of Low-Light Image Based on Retinex Decomposition},
  author={Li, Wenchao and Xiong, Bangshu and Ou, Qiaofeng and Long, Xiaoyun and Zhu, Jinhao and Chen, Jiabao and Wen, Shuyuan},
  journal={arXiv preprint arXiv:2311.02995},
  year={2023}
}

@article{li2023zero1,
  title={Zero-referenced low-light image enhancement with adaptive filter network},
  author={Li, Yuezhou and Niu, Yuzhen and Xu, Rui and Chen, Yuzhong},
  journal={Engineering Applications of Artificial Intelligence},
  volume={124},
  pages={106611},
  year={2023},
  publisher={Elsevier}
}

@article{li2024color,
  title={Color Shift Estimation-and-Correction for Image Enhancement},
  author={Li, Yiyu and Xu, Ke and Hancke, Gerhard Petrus and Lau, Rynson WH},
  journal={Proceedings of the IEEE/CVF Conference on Computer Vision and Pattern Recognition (CVPR)},
  pages={25389--25398},
  year={2024}
}

@article{li2024dark,
  title={DARK: Denoising, Amplification, Restoration Kit},
  author={Li, Zhuoheng and Pan, Yuheng and Yu, Houcheng and Zhang, Zhiheng},
  journal={arXiv preprint arXiv:2405.12891},
  year={2024}
}

@article{lin2023unsupervised,
  title={Unsupervised image denoising in real-world scenarios via self-collaboration parallel generative adversarial branches},
  author={Lin, Xin and Ren, Chao and Liu, Xiao and Huang, Jie and Lei, Yinjie},
  journal={Proceedings of the IEEE/CVF International Conference on Computer Vision (ICCV)},
  pages={12642--12652},
  year={2023}
}

@article{lu2022progressive,
  title={Progressive joint low-light enhancement and noise removal for raw images},
  author={Lu, Yucheng and Jung, Seung-Won},
  journal={IEEE Transactions on Image Processing},
  volume={31},
  pages={2390--2404},
  year={2022},
  publisher={IEEE}
}

@article{pan2024dicnet,
  title={DICNet: achieve low-light image enhancement with image decomposition, illumination enhancement, and color restoration},
  author={Pan, Heng and Gao, Bingkun and Wang, Xiufang and Jiang, Chunlei and Chen, Peng},
  journal={The Visual Computer},
  pages={1--17},
  year={2024},
  publisher={Springer}
}

@article{rasheed2022empirical,
  title={An empirical study on retinex methods for low-light image enhancement},
  author={Rasheed, Muhammad Tahir and Guo, Guiyu and Shi, Daming and Khan, Hufsa and Cheng, Xiaochun},
  journal={Remote Sensing},
  volume={14},
  number={18},
  pages={4608},
  year={2022},
  publisher={MDPI}
}

@article{wang2021seeing,
  title={Seeing dynamic scene in the dark: A high-quality video dataset with mechatronic alignment},
  author={Wang, Ruixing and Xu, Xiaogang and Fu, Chi-Wing and Lu, Jiangbo and Yu, Bei and Jia, Jiaya},
  journal={Proceedings of the IEEE/CVF international conference on computer vision (CVPR)},
  pages={9700--9709},
  year={2021}
}

@article{wang2023fourllie,
  title={Fourllie: Boosting low-light image enhancement by fourier frequency information},
  author={Wang, Chenxi and Wu, Hongjun and Jin, Zhi},
  journal={Proceedings of the 31st ACM International Conference on Multimedia},
  pages={7459--7469},
  year={2023}
}

@article{wang2024tsid,
  title={TSID-Net: a two-stage single image dehazing framework with style transfer and contrastive knowledge transfer},
  author={Wang, Shilong and Hou, Qianwen and Li, Jiaang and Liu, Jianlei},
  journal={The Visual Computer},
  pages={1--18},
  year={2024},
  publisher={Springer}
}

@article{yi2023diff,
  title={Diff-retinex: Rethinking low-light image enhancement with a generative diffusion model},
  author={Yi, Xunpeng and Xu, Han and Zhang, Hao and Tang, Linfeng and Ma, Jiayi},
  journal={Proceedings of the IEEE/CVF International Conference on Computer Vision (ICCV)},
  pages={12302--12311},
  year={2023}
}

@article{yu2024joint,
  title={Joint Self-Supervised Enhancement and Denoising of Low-Light Images},
  author={Yu, Ting and Wang, Shuai and Chen, Wei and Yu, F Richard and Leung, Victor CM and Tian, Zijian},
  journal={IEEE Transactions on Emerging Topics in Computational Intelligence},
  volume={8},
  number={2},
  pages={1800 - 1813},
  year={2024},
  publisher={IEEE}
}

@article{zhou2023fusion,
  title={Fusion of overexposed and underexposed images using caputo differential operator for resolution and texture based enhancement},
  author={Zhou, Liang and Alenezi, Fayadh S and Nandal, Amita and Dhaka, Arvind and Wu, Tao and Koundal, Deepika and Alhudhaif, Adi and Polat, Kemal},
  journal={Applied Intelligence},
  volume={53},
  number={12},
  pages={15836--15854},
  year={2023},
  publisher={Springer}
}

