@article{qu2024double,
  title={Double domain guided real-time low-light image enhancement for ultra-high-definition transportation surveillance},
  author={Qu, Jingxiang and Liu, Ryan Wen and Gao, Yuan and Guo, Yu and Zhu, Fenghua and Wang, Fei-Yue},
  journal={IEEE Transactions on Intelligent Transportation Systems},
  volume={25},
  number={8},
  pages={9550 - 9562},
  year={2024},
  publisher={IEEE}
}

@article{liu2022attention,
  title={Attention-guided lightweight generative adversarial network for low-light image enhancement in maritime video surveillance},
  author={Liu, Ryan Wen and Liu, Nian and Huang, Yanhong and Guo, Yu},
  journal={The Journal of Navigation},
  volume={75},
  number={5},
  pages={1100--1117},
  year={2022}
}

@article{li2024light,
  title={Light the Night: A Multi-Condition Diffusion Framework for Unpaired Low-Light Enhancement in Autonomous Driving},
  author={Li, Jinlong and Li, Baolu and Tu, Zhengzhong and Liu, Xinyu and Guo, Qing and Juefei-Xu, Felix and Xu, Runsheng and Yu, Hongkai},
  journal={Proceedings of the IEEE/CVF Conference on Computer Vision and Pattern Recognition (CVPR)},
  pages={15205--15215},
  year={2024}
}

@article{liu2024lane,
  title={Lane detection based on real-time semantic segmentation for end-to-end autonomous driving under low-light conditions},
  author={Liu, Yang and Wang, Yongfu and Li, Qiansheng},
  journal={Digital Signal Processing},
  volume={155},
  pages={104752},
  year={2024},
  publisher={Elsevier}
}

@article{ma2021structure,
  title={Structure and illumination constrained GAN for medical image enhancement},
  author={Ma, Yuhui and Liu, Jiang and Liu, Yonghuai and Fu, Huazhu and Hu, Yan and Cheng, Jun and Qi, Hong and Wu, Yufei and Zhang, Jiong and Zhao, Yitian},
  journal={IEEE Transactions on Medical Imaging},
  volume={40},
  number={12},
  pages={3955--3967},
  year={2021},
  publisher={IEEE}
}

@article{gomez2019low,
  title={Low-light image enhancement of high-speed endoscopic videos using a convolutional neural network},
  author={G{\'o}mez, Pablo and Semmler, Marion and Sch{\"u}tzenberger, Anne and Bohr, Christopher and D{\"o}llinger, Michael},
  journal={Medical \& biological engineering \& computing},
  volume={57},
  pages={1451--1463},
  year={2019},
  publisher={Springer}
}

@article{fu2022efficient,
  title={An efficient hybrid model for low-light image enhancement in mobile devices},
  author={Fu, Zhicheng and Song, Miao and Ma, Chao and Nasti, Joseph and Tyagi, Vivek and Lloyd, Grant and Tang, Wei},
  journal={Proceedings of the IEEE/CVF Conference on Computer Vision and Pattern Recognition (CVPR)},
  pages={3057--3066},
  year={2022}
}

@article{zhou2024real,
  title={Real-time low-light video enhancement on smartphones},
  author={Zhou, Yiming and MacPhee, Callen and Gunawan, Wesley and Farahani, Ali and Jalali, Bahram},
  journal={Journal of Real-Time Image Processing},
  volume={21},
  number={155},
  pages={155},
  year={2024},
  publisher={Springer}
}

@article{banik2018contrast,
  title={Contrast enhancement of low-light image using histogram equalization and illumination adjustment},
  author={Banik, Partha Pratim and Saha, Rappy and Kim, Ki-Doo},
  journal={2018 international conference on electronics, information, and Communication (ICEIC)},
  pages={1--4},
  year={2018},
  organization={IEEE}
}

@article{park2022histogram,
  title={Histogram-based transformation function estimation for low-light image enhancement},
  author={Park, Jaemin and Vien, An Gia and Kim, Jin-Hwan and Lee, Chul},
  journal={2022 IEEE International Conference on Image Processing (ICIP)},
  pages={1--5},
  year={2022},
  organization={IEEE}
}

@article{wang2021seeing,
  title={Seeing dynamic scene in the dark: A high-quality video dataset with mechatronic alignment},
  author={Wang, Ruixing and Xu, Xiaogang and Fu, Chi-Wing and Lu, Jiangbo and Yu, Bei and Jia, Jiaya},
  journal={Proceedings of the IEEE/CVF international conference on computer vision (CVPR)},
  pages={9700--9709},
  year={2021}
}

@article{hai2023r2rnet,
  title={R2rnet: Low-light image enhancement via real-low to real-normal network},
  author={Hai, Jiang and Xuan, Zhu and Yang, Ren and Hao, Yutong and Zou, Fengzhu and Lin, Fang and Han, Songchen},
  journal={Journal of Visual Communication and Image Representation},
  volume={90},
  pages={103712},
  year={2023},
  publisher={Elsevier}
}

@article{guo2020zero,
  title={Zero-reference deep curve estimation for low-light image enhancement},
  author={Guo, Chunle and Li, Chongyi and Guo, Jichang and Loy, Chen Change and Hou, Junhui and Kwong, Sam and Cong, Runmin},
  journal={Proceedings of the IEEE/CVF conference on computer vision and pattern recognition (CVPR)},
  pages={1780--1789},
  year={2020}
}

@article{wang2018gladnet,
  title={Gladnet: Low-light enhancement network with global awareness},
  author={Wang, Wenjing and Wei, Chen and Yang, Wenhan and Liu, Jiaying},
  journal={2018 13th IEEE international conference on automatic face \& gesture recognition (FG 2018)},
  pages={751--755},
  year={2018},
  organization={IEEE}
}

@article{zhang2019kindling,
  title={Kindling the darkness: A practical low-light image enhancer},
  author={Zhang, Yonghua and Zhang, Jiawan and Guo, Xiaojie},
  journal={Proceedings of the 27th ACM international conference on multimedia},
  pages={1632--1640},
  year={2019}
}

@article{yang2020fidelity,
  title={From fidelity to perceptual quality: A semi-supervised approach for low-light image enhancement},
  author={Yang, Wenhan and Wang, Shiqi and Fang, Yuming and Wang, Yue and Liu, Jiaying},
  journal={Proceedings of the IEEE/CVF conference on computer vision and pattern recognition (CVPR)},
  pages={3063--3072},
  year={2020}
}

@article{wu2022uretinex,
  title={Uretinex-net: Retinex-based deep unfolding network for low-light image enhancement},
  author={Wu, Wenhui and Weng, Jian and Zhang, Pingping and Wang, Xu and Yang, Wenhan and Jiang, Jianmin},
  journal={Proceedings of the IEEE/CVF conference on computer vision and pattern recognition (CVPR)},
  pages={5901--5910},
  year={2022}
}

@article{yi2023diff,
  title={Diff-retinex: Rethinking low-light image enhancement with a generative diffusion model},
  author={Yi, Xunpeng and Xu, Han and Zhang, Hao and Tang, Linfeng and Ma, Jiayi},
  journal={Proceedings of the IEEE/CVF International Conference on Computer Vision (ICCV)},
  pages={12302--12311},
  year={2023}
}

@article{ford1997reconstruction,
  title={Reconstruction of low-light images by use of the vector Wiener filter},
  author={Ford, Stephen D and Welsh, Byron M and Roggemann, Michael C and Lee, David J},
  journal={JOSA A},
  volume={14},
  number={10},
  pages={2678--2691},
  year={1997},
  publisher={Optica Publishing Group}
}

@article{al2018contrast,
  title={Contrast enhancement for color images using an adjustable contrast stretching technique},
  author={Al-Ameen, Zohair},
  journal={International Journal of Computing},
  volume={17},
  number={2},
  pages={74--80},
  year={2018}
}

@article{fei2023generative,
  title={Generative diffusion prior for unified image restoration and enhancement},
  author={Fei, Ben and Lyu, Zhaoyang and Pan, Liang and Zhang, Junzhe and Yang, Weidong and Luo, Tianyue and Zhang, Bo and Dai, Bo},
  journal={Proceedings of the IEEE/CVF Conference on Computer Vision and Pattern Recognition (CVPR)},
  pages={9935--9946},
  year={2023}
}

@article{li2023pixel,
  title={Pixel-wise gamma correction mapping for low-light image enhancement},
  author={Li, Xiangsheng and Liu, Manlu and Ling, Qiang},
  journal={IEEE Transactions on Circuits and Systems for Video Technology},
  volume={34},
  number={2},
  pages={681--694},
  year={2023},
  publisher={IEEE}
}

@article{lu2022progressive,
  title={Progressive joint low-light enhancement and noise removal for raw images},
  author={Lu, Yucheng and Jung, Seung-Won},
  journal={IEEE Transactions on Image Processing},
  volume={31},
  pages={2390--2404},
  year={2022},
  publisher={IEEE}
}

@article{zhou2023fusion,
  title={Fusion of overexposed and underexposed images using caputo differential operator for resolution and texture based enhancement},
  author={Zhou, Liang and Alenezi, Fayadh S and Nandal, Amita and Dhaka, Arvind and Wu, Tao and Koundal, Deepika and Alhudhaif, Adi and Polat, Kemal},
  journal={Applied Intelligence},
  volume={53},
  number={12},
  pages={15836--15854},
  year={2023},
  publisher={Springer}
}

@article{lin2023unsupervised,
  title={Unsupervised image denoising in real-world scenarios via self-collaboration parallel generative adversarial branches},
  author={Lin, Xin and Ren, Chao and Liu, Xiao and Huang, Jie and Lei, Yinjie},
  journal={Proceedings of the IEEE/CVF International Conference on Computer Vision (ICCV)},
  pages={12642--12652},
  year={2023}
}

@article{lv2018mbllen,
  title={MBLLEN: Low-light image/video enhancement using cnns.},
  author={Lv, Feifan and Lu, Feng and Wu, Jianhua and Lim, Chongsoon},
  journal={Proceedings of the British Machine Vision Conference (BMVC)},
  volume={220},
  number={1},
  pages={4},
  year={2018},
  organization={Northumbria University}
}

@article{cao2024zero,
  title={A Zero-Reference Low-Light Image-Enhancement Approach Based on Noise Estimation},
  author={Cao, Pingping and Niu, Qiang and Zhu, Yanping and Li, Tao},
  journal={Applied Sciences},
  volume={14},
  number={7},
  pages={2846},
  year={2024},
  publisher={MDPI}
}

@article{li2023zero1,
  title={Zero-referenced low-light image enhancement with adaptive filter network},
  author={Li, Yuezhou and Niu, Yuzhen and Xu, Rui and Chen, Yuzhong},
  journal={Engineering Applications of Artificial Intelligence},
  volume={124},
  pages={106611},
  year={2023},
  publisher={Elsevier}
}

@article{li2023zero,
  title={Zero-Shot Enhancement of Low-Light Image Based on Retinex Decomposition},
  author={Li, Wenchao and Xiong, Bangshu and Ou, Qiaofeng and Long, Xiaoyun and Zhu, Jinhao and Chen, Jiabao and Wen, Shuyuan},
  journal={arXiv preprint arXiv:2311.02995},
  year={2023}
}

@article{fu2023raw,
  title={Raw image based over-exposure correction using channel-guidance strategy},
  author={Fu, Ying and Hong, Yang and Zou, Yunhao and Liu, Qiankun and Zhang, Yiming and Liu, Ning and Yan, Chenggang},
  journal={IEEE Transactions on Circuits and Systems for Video Technology},
  volume={34},
  number={4},
  pages={2749 - 2762},
  year={2023},
  publisher={IEEE}
}

@article{wang2023fourllie,
  title={Fourllie: Boosting low-light image enhancement by fourier frequency information},
  author={Wang, Chenxi and Wu, Hongjun and Jin, Zhi},
  journal={Proceedings of the 31st ACM International Conference on Multimedia},
  pages={7459--7469},
  year={2023}
}

@article{li2024color,
  title={Color Shift Estimation-and-Correction for Image Enhancement},
  author={Li, Yiyu and Xu, Ke and Hancke, Gerhard Petrus and Lau, Rynson WH},
  journal={Proceedings of the IEEE/CVF Conference on Computer Vision and Pattern Recognition (CVPR)},
  pages={25389--25398},
  year={2024}
}

@article{wang2024tsid,
  title={TSID-Net: a two-stage single image dehazing framework with style transfer and contrastive knowledge transfer},
  author={Wang, Shilong and Hou, Qianwen and Li, Jiaang and Liu, Jianlei},
  journal={The Visual Computer},
  pages={1--18},
  year={2024},
  publisher={Springer}
}

@article{yu2024joint,
  title={Joint Self-Supervised Enhancement and Denoising of Low-Light Images},
  author={Yu, Ting and Wang, Shuai and Chen, Wei and Yu, F Richard and Leung, Victor CM and Tian, Zijian},
  journal={IEEE Transactions on Emerging Topics in Computational Intelligence},
  volume={8},
  number={2},
  pages={1800 - 1813},
  year={2024},
  publisher={IEEE}
}

@article{rasheed2022empirical,
  title={An empirical study on retinex methods for low-light image enhancement},
  author={Rasheed, Muhammad Tahir and Guo, Guiyu and Shi, Daming and Khan, Hufsa and Cheng, Xiaochun},
  journal={Remote Sensing},
  volume={14},
  number={18},
  pages={4608},
  year={2022},
  publisher={MDPI}
}

@article{fu2023learning,
  title={Learning a simple low-light image enhancer from paired low-light instances},
  author={Fu, Zhenqi and Yang, Yan and Tu, Xiaotong and Huang, Yue and Ding, Xinghao and Ma, Kai-Kuang},
  journal={Proceedings of the IEEE/CVF conference on computer vision and pattern recognition (CVPR)},
  pages={22252--22261},
  year={2023}
}


@article{li2024dark,
  title={DARK: Denoising, Amplification, Restoration Kit},
  author={Li, Zhuoheng and Pan, Yuheng and Yu, Houcheng and Zhang, Zhiheng},
  journal={arXiv preprint arXiv:2405.12891},
  year={2024}
}

@article{pan2024dicnet,
  title={DICNet: achieve low-light image enhancement with image decomposition, illumination enhancement, and color restoration},
  author={Pan, Heng and Gao, Bingkun and Wang, Xiufang and Jiang, Chunlei and Chen, Peng},
  journal={The Visual Computer},
  pages={1--17},
  year={2024},
  publisher={Springer}
}

@article{xu2020star,
  title={Star: A structure and texture aware retinex model},
  author={Xu, Jun and Hou, Yingkun and Ren, Dongwei and Liu, Li and Zhu, Fan and Yu, Mengyang and Wang, Haoqian and Shao, Ling},
  journal={IEEE Transactions on Image Processing},
  volume={29},
  pages={5022--5037},
  year={2020},
  publisher={IEEE}
}

@article{liu2021retinex,
  title={Retinex-inspired unrolling with cooperative prior architecture search for low-light image enhancement},
  author={Liu, Risheng and Ma, Long and Zhang, Jiaao and Fan, Xin and Luo, Zhongxuan},
  journal={Proceedings of the IEEE/CVF conference on computer vision and pattern recognition (CVPR)},
  pages={10561--10570},
  year={2021}
}

@article{ma2022toward,
  title={Toward fast, flexible, and robust low-light image enhancement},
  author={Ma, Long and Ma, Tengyu and Liu, Risheng and Fan, Xin and Luo, Zhongxuan},
  journal={Proceedings of the IEEE/CVF conference on computer vision and pattern recognition (CVPR)},
  pages={5637--5646},
  year={2022}
}

@article{jiang2021enlightengan,
  title={Enlightengan: Deep light enhancement without paired supervision},
  author={Jiang, Yifan and Gong, Xinyu and Liu, Ding and Cheng, Yu and Fang, Chen and Shen, Xiaohui and Yang, Jianchao and Zhou, Pan and Wang, Zhangyang},
  journal={IEEE transactions on image processing},
  volume={30},
  pages={2340--2349},
  year={2021},
  publisher={IEEE}
}

@article{sun2024di,
  title={DI-Retinex: Digital-Imaging Retinex Theory for Low-Light Image Enhancement},
  author={Sun, Shangquan and Ren, Wenqi and Peng, Jingyang and Song, Fenglong and Cao, Xiaochun},
  journal={arXiv preprint arXiv:2404.03327},
  year={2024}
}

@article{sethu2023comprehensive,
  title={A Comprehensive Review of Deep Learning based Illumination Estimation},
  author={Sethu, Swarna and Devaraj, Jayanthi and Wang, Dongyi},
  volume={10},
  pages={20944},
  year={2023},
  publisher={Preprints}
}

@article{wei2018deep,
  title={Deep retinex decomposition for low-light enhancement},
  author={Wei, Chen and Wang, Wenjing and Yang, Wenhan and Liu, Jiaying},
  journal={arXiv preprint arXiv:1808.04560},
  year={2018}
}

@article{cai2018learning,
  title={Learning a deep single image contrast enhancer from multi-exposure images},
  author={Cai, Jianrui and Gu, Shuhang and Zhang, Lei},
  journal={IEEE Transactions on Image Processing},
  volume={27},
  number={4},
  pages={2049--2062},
  year={2018},
  publisher={IEEE}
}

@article{wang2004image,
  title={Image quality assessment: from error visibility to structural similarity},
  author={Wang, Zhou and Bovik, Alan C and Sheikh, Hamid R and Simoncelli, Eero P},
  journal={IEEE transactions on image processing},
  volume={13},
  number={4},
  pages={600--612},
  year={2004},
  publisher={IEEE}
}

@article{zhang2018unreasonable,
  title={The unreasonable effectiveness of deep features as a perceptual metric},
  author={Zhang, Richard and Isola, Phillip and Efros, Alexei A and Shechtman, Eli and Wang, Oliver},
  journal={Proceedings of the IEEE conference on computer vision and pattern recognition (CVPR)},
  pages={586--595},
  year={2018}
}

@article{ma2015perceptual,
  title={Perceptual quality assessment for multi-exposure image fusion},
  author={Ma, Kede and Zeng, Kai and Wang, Zhou},
  journal={IEEE Transactions on Image Processing},
  volume={24},
  number={11},
  pages={3345--3356},
  year={2015},
  publisher={IEEE}
}

@article{hao2020low,
  title={Low-light image enhancement with semi-decoupled decomposition},
  author={Hao, Shijie and Han, Xu and Guo, Yanrong and Xu, Xin and Wang, Meng},
  journal={IEEE transactions on multimedia},
  volume={22},
  number={12},
  pages={3025--3038},
  year={2020},
  publisher={IEEE}
}

@article{hu2018squeeze,
  title={Squeeze-and-excitation networks},
  author={Hu, Jie and Shen, Li and Sun, Gang},
  journal={Proceedings of the IEEE conference on computer vision and pattern recognition (CVPR)},
  pages={7132--7141},
  year={2018}
}

@article{woo2018cbam,
  title={Cbam: Convolutional block attention module},
  author={Woo, Sanghyun and Park, Jongchan and Lee, Joon-Young and Kweon, In So},
  journal={Proceedings of the European conference on computer vision (ECCV)},
  pages={3--19},
  year={2018}
}

@article{lv2024fourier,
  title={Fourier Priors-Guided Diffusion for Zero-Shot Joint Low-Light Enhancement and Deblurring},
  author={Lv, Xiaoqian and Zhang, Shengping and Wang, Chenyang and Zheng, Yichen and Zhong, Bineng and Li, Chongyi and Nie, Liqiang},
  journal={Proceedings of the IEEE/CVF Conference on Computer Vision and Pattern Recognition (CVPR)},
  pages={25378--25388},
  year={2024}
}

@article{zhu2020zero,
  title={Zero-shot restoration of underexposed images via robust retinex decomposition},
  author={Zhu, Anqi and Zhang, Lin and Shen, Ying and Ma, Yong and Zhao, Shengjie and Zhou, Yicong},
  journal={2020 IEEE International Conference on Multimedia and Expo (ICME)},
  pages={1--6},
  year={2020},
  organization={IEEE}
}

@article{yang2023implicit,
  title={Implicit neural representation for cooperative low-light image enhancement},
  author={Yang, Shuzhou and Ding, Moxuan and Wu, Yanmin and Li, Zihan and Zhang, Jian},
  journal={Proceedings of the IEEE/CVF international conference on computer vision (ICCV)},
  pages={12918--12927},
  year={2023}
}

@article{kingma2014adam,
  title={Adam: A method for stochastic optimization},
  author={Kingma, Diederik P},
  journal={arXiv preprint arXiv:1412.6980},
  year={2014}
}

@article{hwang2006full,
  title={A full-body gesture database for automatic gesture recognition},
  author={Hwang, Bon-Woo and Kim, Sungmin and Lee, Seong-Whan},
  journal={7th International Conference on Automatic Face and Gesture Recognition (FGR06)},
  pages={243--248},
  year={2006},
  organization={IEEE}
}

@article{lee2001automatic,
  title={Automatic video parsing using shot boundary detection and camera operation analysis},
  author={Lee, Mee-Sook and Yang, Yun-Mo and Lee, Seong-Whan},
  journal={Pattern Recognition},
  volume={34},
  number={3},
  pages={711--719},
  year={2001},
  publisher={Elsevier}
}

@article{yang2007reconstruction,
  title={Reconstruction of 3D human body pose from stereo image sequences based on top-down learning},
  author={Yang, Hee-Deok and Lee, Seong-Whan},
  journal={Pattern Recognition},
  volume={40},
  number={11},
  pages={3120--3131},
  year={2007},
  publisher={Elsevier}
}