
% Journals

% First the Full Name is given, then the abbreviation used in the AMS Math
% Reviews, with an indication if it could not be found there.
% Note the 2nd overwrites the 1st, so swap them if you want the full name.

 %{AMS}
 @String{AMSTrans = "American Mathematical Society Translations" }
 @String{AMSTrans = "Amer. Math. Soc. Transl." }
 @String{BullAMS = "Bulletin of the American Mathematical Society" }
 @String{BullAMS = "Bull. Amer. Math. Soc." }
 @String{ProcAMS = "Proceedings of the American Mathematical Society" }
 @String{ProcAMS = "Proc. Amer. Math. Soc." }
 @String{TransAMS = "Transactions of the American Mathematical Society" }
 @String{TransAMS = "Trans. Amer. Math. Soc." }

 %ACM
 @String{CACM = "Communications of the {ACM}" }
 @String{CACM = "Commun. {ACM}" }
 @String{CompServ = "Comput. Surveys" }
 @String{JACM = "J. ACM" }
 @String{ACMMathSoft = "{ACM} Transactions on Mathematical Software" }
 @String{ACMMathSoft = "{ACM} Trans. Math. Software" }
 @String{SIGNUM = "{ACM} {SIGNUM} Newsletter" }
 @String{SIGNUM = "{ACM} {SIGNUM} Newslett." }

 @String{AmerSocio = "American Journal of Sociology" }
 @String{AmerStatAssoc = "Journal of the American Statistical Association" }
 @String{AmerStatAssoc = "J. Amer. Statist. Assoc." }
 @String{ApplMathComp = "Applied Mathematics and Computation" }
 @String{ApplMathComp = "Appl. Math. Comput." }
 @String{AmerMathMonthly = "American Mathematical Monthly" }
 @String{AmerMathMonthly = "Amer. Math. Monthly" }
 @String{BIT = "{BIT}" }
 @String{BritStatPsych = "British Journal of Mathematical and Statistical
          Psychology" }
 @String{BritStatPsych = "Brit. J. Math. Statist. Psych." }
 @String{CanMathBull = "Canadian Mathematical Bulletin" }
 @String{CanMathBull = "Canad. Math. Bull." }
 @String{CompApplMath = "Journal of Computational and Applied Mathematics" }
 @String{CompApplMath = "J. Comput. Appl. Math." }
 @String{CompPhys = "Journal of Computational Physics" }
 @String{CompPhys = "J. Comput. Phys." }
 @String{CompStruct = "Computers and Structures" }
 @String{CompStruct = "Comput. \& Structures" }
 @String{CompJour = "The Computer Journal" }
 @String{CompJour = "Comput. J." }
 @String{CompSysSci = "Journal of Computer and System Sciences" }
 @String{CompSysSci = "J. Comput. System Sci." }
 @String{Computing = "Computing" }
 @String{ContempMath = "Contemporary Mathematics" }
 @String{ContempMath = "Contemp. Math." }
 @String{Crelle = "Crelle's Journal" }
 @String{GiornaleMath = "Giornale di Mathematiche" }
 @String{GiornaleMath = "Giorn. Mat." } % didn't find in AMS MR., ibid.

 %IEEE
 @String{Computer = "{IEEE} Computer" }
 @String{IEEETransComp = "{IEEE} Transactions on Computers" }
 @String{IEEETransComp = "{IEEE} Trans. Comput." }
 @String{IEEETransAC = "{IEEE} Transactions on Automatic Control" }
 @String{IEEETransAC = "{IEEE} Trans. Automat. Control" }
 @String{IEEESpec = "{IEEE} Spectrum" } % didn't find in AMS MR
 @String{ProcIEEE = "Proceedings of the {IEEE}" }
 @String{ProcIEEE = "Proc. {IEEE}" } % didn't find in AMS MR
 @String{IEEETransAeroElec = "{IEEE} Transactions on Aerospace and Electronic
     Systems" }
 @String{IEEETransAeroElec = "{IEEE} Trans. Aerospace Electron. Systems" }

 @String{IMANumerAna = "{IMA} Journal of Numerical Analysis" }
 @String{IMANumerAna = "{IMA} J. Numer. Anal." }
 @String{InfProcLet = "Information Processing Letters" }
 @String{InfProcLet = "Inform. Process. Lett." }
 @String{InstMathApp = "Journal of the Institute of Mathematics and
     its Applications" }
 @String{InstMathApp = "J. Inst. Math. Appl." }
 @String{IntControl = "International Journal of Control" }
 @String{IntControl = "Internat. J. Control" }
 @String{IntNumerEng = "International Journal for Numerical Methods in
     Engineering" }
 @String{IntNumerEng = "Internat. J. Numer. Methods Engrg." }
 @String{IntSuper = "International Journal of Supercomputing Applications" }
 @String{IntSuper = "Internat. J. Supercomputing Applic." } % didn't find
%% in AMS MR
 @String{Kibernetika = "Kibernetika" }
 @String{JResNatBurStand = "Journal of Research of the National Bureau
     of Standards" }
 @String{JResNatBurStand = "J. Res. Nat. Bur. Standards" }
 @String{LinAlgApp = "Linear Algebra and its Applications" }
 @String{LinAlgApp = "Linear Algebra Appl." }
 @String{MathAnaAppl = "Journal of Mathematical Analysis and Applications" }
 @String{MathAnaAppl = "J. Math. Anal. Appl." }
 @String{MathAnnalen = "Mathematische Annalen" }
 @String{MathAnnalen = "Math. Ann." }
 @String{MathPhys = "Journal of Mathematical Physics" }
 @String{MathPhys = "J. Math. Phys." }
 @String{MathComp = "Mathematics of Computation" }
 @String{MathComp = "Math. Comp." }
 @String{MathScand = "Mathematica Scandinavica" }
 @String{MathScand = "Math. Scand." }
 @String{TablesAidsComp = "Mathematical Tables and Other Aids to Computation" }
 @String{TablesAidsComp = "Math. Tables Aids Comput." }
 @String{NumerMath = "Numerische Mathematik" }
 @String{NumerMath = "Numer. Math." }
 @String{PacificMath = "Pacific Journal of Mathematics" }
 @String{PacificMath = "Pacific J. Math." }
 @String{ParDistComp = "Journal of Parallel and Distributed Computing" }
 @String{ParDistComp = "J. Parallel and Distrib. Comput." } % didn't find
%% in AMS MR
 @String{ParComputing = "Parallel Computing" }
 @String{ParComputing = "Parallel Comput." }
 @String{PhilMag = "Philosophical Magazine" }
 @String{PhilMag = "Philos. Mag." }
 @String{ProcNAS = "Proceedings of the National Academy of Sciences
                    of the USA" }
 @String{ProcNAS = "Proc. Nat. Acad. Sci. U. S. A." }
 @String{Psychometrika = "Psychometrika" }
 @String{QuartMath = "Quarterly Journal of Mathematics, Oxford, Series (2)" }
 @String{QuartMath = "Quart. J. Math. Oxford Ser. (2)" }
 @String{QuartApplMath = "Quarterly of Applied Mathematics" }
 @String{QuartApplMath = "Quart. Appl. Math." }
 @String{RevueInstStat = "Review of the International Statisical Institute" }
 @String{RevueInstStat = "Rev. Inst. Internat. Statist." }

 %SIAM
 @String{JSIAM = "Journal of the Society for Industrial and Applied
     Mathematics" }
 @String{JSIAM = "J. Soc. Indust. Appl. Math." }
 @String{JSIAMB = "Journal of the Society for Industrial and Applied
     Mathematics, Series B, Numerical Analysis" }
 @String{JSIAMB = "J. Soc. Indust. Appl. Math. Ser. B Numer. Anal." }
 @String{SIAMAlgMeth = "{SIAM} Journal on Algebraic and Discrete Methods" }
 @String{SIAMAlgMeth = "{SIAM} J. Algebraic Discrete Methods" }
 @String{SIAMAppMath = "{SIAM} Journal on Applied Mathematics" }
 @String{SIAMAppMath = "{SIAM} J. Appl. Math." }
 @String{SIAMComp = "{SIAM} Journal on Computing" }
 @String{SIAMComp = "{SIAM} J. Comput." }
 @String{SIAMMatrix = "{SIAM} Journal on Matrix Analysis and Applications" }
 @String{SIAMMatrix = "{SIAM} J. Matrix Anal. Appl." }
 @String{SIAMNumAnal = "{SIAM} Journal on Numerical Analysis" }
 @String{SIAMNumAnal = "{SIAM} J. Numer. Anal." }
 @String{SIAMReview = "{SIAM} Review" }
 @String{SIAMReview = "{SIAM} Rev." }
 @String{SIAMSciStat = "{SIAM} Journal on Scientific and Statistical
     Computing" }
 @String{SIAMSciStat = "{SIAM} J. Sci. Statist. Comput." }

 @String{SoftPracExp = "Software Practice and Experience" }
 @String{SoftPracExp = "Software Prac. Experience" } % didn't find in AMS MR
 @String{StatScience = "Statistical Science" }
 @String{StatScience = "Statist. Sci." }
 @String{Techno = "Technometrics" }
 @String{USSRCompMathPhys = "{USSR} Computational Mathematics and Mathematical
     Physics" }
 @String{USSRCompMathPhys = "{U. S. S. R.} Comput. Math. and Math. Phys." }
 @String{VLSICompSys = "Journal of {VLSI} and Computer Systems" }
 @String{VLSICompSys = "J. {VLSI} Comput. Syst." }
 @String{ZAngewMathMech = "Zeitschrift fur Angewandte Mathematik und
     Mechanik" }
 @String{ZAngewMathMech = "Z. Angew. Math. Mech." }
 @String{ZAngewMathPhys = "Zeitschrift fur Angewandte Mathematik und Physik" }
 @String{ZAngewMathPhys = "Z. Angew. Math. Phys." }

% Publishers % ================================================= |

 @String{Academic = "Academic Press" }
 @String{ACMPress = "{ACM} Press" }
 @String{AdamHilger = "Adam Hilger" }
 @String{AddisonWesley = "Addison-Wesley" }
 @String{AllynBacon = "Allyn and Bacon" }
 @String{AMS = "American Mathematical Society" }
 @String{Birkhauser = "Birkha{\"u}ser" }
 @String{CambridgePress = "Cambridge University Press" }
 @String{Chelsea = "Chelsea" }
 @String{ClaredonPress = "Claredon Press" }
 @String{DoverPub = "Dover Publications" }
 @String{Eyolles = "Eyolles" }
 @String{HoltRinehartWinston = "Holt, Rinehart and Winston" }
 @String{Interscience = "Interscience" }
 @String{JohnsHopkinsPress = "The Johns Hopkins University Press" }
 @String{JohnWileySons = "John Wiley and Sons" }
 @String{Macmillan = "Macmillan" }
 @String{MathWorks = "The Math Works Inc." }
 @String{McGrawHill = "McGraw-Hill" }
 @String{NatBurStd = "National Bureau of Standards" }
 @String{NorthHolland = "North-Holland" }
 @String{OxfordPress = "Oxford University Press" }  %address Oxford or London?
 @String{PergamonPress = "Pergamon Press" }
 @String{PlenumPress = "Plenum Press" }
 @String{PrenticeHall = "Prentice-Hall" }
 @String{SIAMPub = "{SIAM} Publications" }
 @String{Springer = "Springer-Verlag" }
 @String{TexasPress = "University of Texas Press" }
 @String{VanNostrand = "Van Nostrand" }
 @String{WHFreeman = "W. H. Freeman and Co." }

%Entries

@article{lamsal2024crema,
  author={Lamsal, Rabindra and Read, Maria Rodriguez and Karunasekera, Shanika and Imran, Muhammad},
  journal={IEEE Transactions on Computational Social Systems}, 
  title={CReMa: Crisis Response Through Computational Identification and Matching of Cross-Lingual Requests and Offers Shared on Social Media}, 
  year={2025},
  volume={12},
  number={1},
  pages={306-319},
  keywords={Social networking (online);Transformers;Feature extraction;Vectors;Training;Computational modeling;Encoding;Classification models;crisis embeddings;CrisisTransformers;multilingual matching;sentence encoders;vector search},
  doi={10.1109/TCSS.2024.3453226}}

@article{imran2016twitter,
  title={Twitter as a Lifeline: Humanannotated Twitter Corpora for NLP of Crisis-related Messages},
  author={Imran, M and Mitra, P and Castillo, C},
  year={2016}
}

@article{lamsal2023billioncov,
  title={BillionCOV: An enriched billion-scale collection of COVID-19 tweets for efficient hydration},
  author={Lamsal, Rabindra and Read, Maria Rodriguez and Karunasekera, Shanika},
  journal={Data in Brief},
  volume={48},
  pages={109229},
  year={2023},
  publisher={Elsevier}
}

@article{purohit2014emergency,
  title={Emergency-relief coordination on social media: Automatically matching resource requests and offers},
  author={Purohit, Hemant and Castillo, Carlos and Diaz, Fernando and Sheth, Amit and Meier, Patrick},
  journal={First Monday},
  year={2014}
}

@inproceedings{alam2018crisismmd,
  title={Crisismmd: Multimodal twitter datasets from natural disasters},
  author={Alam, Firoj and Ofli, Ferda and Imran, Muhammad},
  booktitle={ICWSM},
  volume={12},
  year={2018}
}

@inproceedings{olteanu2014crisislex,
  title={Crisislex: A lexicon for collecting and filtering microblogged communications in crises},
  author={Olteanu, Alexandra and Castillo, Carlos and Diaz, Fernando and Vieweg, Sarah},
  booktitle={ICWSM},
  volume={8},
  pages={376--385},
  year={2014}
}

@inproceedings{imran2013practical,
  title={Practical extraction of disaster-relevant information from social media},
  author={Imran, Muhammad and Elbassuoni, Shady and Castillo, Carlos and Diaz, Fernando and Meier, Patrick},
  booktitle={WWW},
  pages={1021--1024},
  year={2013}
}

@inproceedings{imran2013extracting,
  title={Extracting information nuggets from disaster-Related messages in social media},
  author={Imran, Muhammad and Elbassuoni, Shady and Castillo, Carlos and Diaz, Fernando and Meier, Patrick},
  booktitle={ISCRAM},
  year={2013}
}

@inproceedings{lamsal2023twitter,
  title={A Twitter narrative of the COVID-19 pandemic in Australia},
  author={Lamsal, Rabindra and Read, Maria Rodriguez and Karunasekera, Shanika},
  booktitle={ISCRAM},
  year={2023}
}

@article{imran2015processing,
  title={Processing social media messages in mass emergency: A survey},
  author={Imran, Muhammad and Castillo, Carlos and Diaz, Fernando and Vieweg, Sarah},
  journal={ACM Computing Surveys (CSUR)},
  volume={47},
  number={4},
  pages={1--38},
  year={2015},
  publisher={ACM New York, NY, USA}
}

@article{team2024gemma,
  title={Gemma 2: Improving open language models at a practical size},
  author={Team, Gemma and Riviere, Morgane and Pathak, Shreya and Sessa, Pier Giuseppe and Hardin, Cassidy and Bhupatiraju, Surya and Hussenot, L{\'e}onard and Mesnard, Thomas and Shahriari, Bobak and Ram{\'e}, Alexandre and others},
  journal={arXiv e-prints},
  pages={arXiv--2408},
  year={2024}
}

@article{dubey2024llama,
  title={The llama 3 herd of models},
  author={Dubey, Abhimanyu and Jauhri, Abhinav and Pandey, Abhinav and Kadian, Abhishek and Al-Dahle, Ahmad and Letman, Aiesha and Mathur, Akhil and Schelten, Alan and Yang, Amy and Fan, Angela and others},
  journal={arXiv preprint arXiv:2407.21783},
  year={2024}
}



@article{lamsal2022socially,
  title={Socially enhanced situation awareness from microblogs using artificial intelligence: A survey},
  author={Lamsal, Rabindra and Harwood, Aaron and Read, Maria Rodriguez},
  journal={ACM Computing Surveys},
  volume={55},
  number={4},
  pages={1--38},
  year={2022},
  publisher={ACM New York, NY}
}

@inproceedings{imran2014aidr,
  title={AIDR: Artificial intelligence for disaster response},
  author={Imran, Muhammad and Castillo, Carlos and Lucas, Ji and Meier, Patrick and Vieweg, Sarah},
  booktitle={WWW},
  pages={159--162},
  year={2014}
}

@inproceedings{poddar2022winds,
  title={Winds of Change: Impact of COVID-19 on Vaccine-related Opinions of Twitter users},
  author={Poddar, Soham and Mondal, Mainack and Misra, Janardan and Ganguly, Niloy and Ghosh, Saptarshi},
  booktitle={ICWSM},
  volume={16},
  pages={782--793},
  year={2022}
}

@inproceedings{mauriello2021sad,
  title={Sad: A stress annotated dataset for recognizing everyday stressors in sms-like conversational systems},
  author={Mauriello, Matthew Louis and Lincoln, Thierry and Hon, Grace and Simon, Dorien and Jurafsky, Dan and Paredes, Pablo},
  booktitle={Extended abstracts of the 2021 CHI conference on human factors in computing systems},
  pages={1--7},
  year={2021}
}

@inproceedings{lamsal2022did,
  title={Where did you tweet from? Inferring the origin locations of tweets based on contextual information},
  author={Lamsal, Rabindra and Harwood, Aaron and Read, Maria Rodriguez},
  booktitle={2022 IEEE International Conference on Big Data (Big Data)},
  pages={3935--3944},
  year={2022},
  organization={IEEE}
}

@inproceedings{biddle2020leveraging,
  title={Leveraging sentiment distributions to distinguish figurative from literal health reports on Twitter},
  author={Biddle, Rhys and Joshi, Aditya and Liu, Shaowu and Paris, Cecile and Xu, Guandong},
  booktitle={WWW},
  pages={1217--1227},
  year={2020}
}

@article{voita2019analyzing,
  title={Analyzing multi-head self-attention: Specialized heads do the heavy lifting, the rest can be pruned},
  author={Voita, Elena and Talbot, David and Moiseev, Fedor and Sennrich, Rico and Titov, Ivan},
  journal={arXiv preprint arXiv:1905.09418},
  year={2019}
}

@inproceedings{pennington2014glove,
  title={Glove: Global vectors for word representation},
  author={Pennington, Jeffrey and Socher, Richard and Manning, Christopher D},
  booktitle={Proceedings of the 2014 conference on empirical methods in natural language processing (EMNLP)},
  pages={1532--1543},
  year={2014}
}

@article{jiao2019tinybert,
  title={Tinybert: Distilling bert for natural language understanding},
  author={Jiao, Xiaoqi and Yin, Yichun and Shang, Lifeng and Jiang, Xin and Chen, Xiao and Li, Linlin and Wang, Fang and Liu, Qun},
  journal={arXiv preprint arXiv:1909.10351},
  year={2019}
}


@inproceedings{Mikolov2013EfficientEO,
  title={Efficient Estimation of Word Representations in Vector Space},
  author={Tomas Mikolov and Kai Chen and Gregory S. Corrado and Jeffrey Dean},
  booktitle={International Conference on Learning Representations},
  year={2013},
}


@article{kovaleva2019revealing,
  title={Revealing the dark secrets of BERT},
  author={Kovaleva, Olga and Romanov, Alexey and Rogers, Anna and Rumshisky, Anna},
  journal={arXiv preprint arXiv:1908.08593},
  year={2019}
}

@article{cotfas2021longest,
  title={The longest month: analyzing COVID-19 vaccination opinions dynamics from tweets in the month following the first vaccine announcement},
  author={Cotfas, Liviu-Adrian and Delcea, Camelia and Roxin, Ioan and Ioan{\u{a}}{\c{s}}, Corina and Gherai, Dana Simona and Tajariol, Federico},
  journal={IEEE Access},
  volume={9},
  pages={33203--33223},
  year={2021},
  publisher={IEEE}
}

@inproceedings{karisani2018did,
  title={Did you really just have a heart attack? Towards robust detection of personal health mentions in social media},
  author={Karisani, Payam and Agichtein, Eugene},
  booktitle={WWW},
  pages={137--146},
  year={2018}
}

@article{klein2021toward,
  title={Toward using Twitter for tracking COVID-19: a natural language processing pipeline and exploratory data set},
  author={Klein, Ari Z and Magge, Arjun and O'Connor, Karen and Flores Amaro, Jesus Ivan and Weissenbacher, Davy and Gonzalez Hernandez, Graciela},
  journal={Journal of medical Internet research},
  volume={23},
  number={1},
  pages={e25314},
  year={2021},
  publisher={JMIR Publications Toronto, Canada}
}


@article{hayawi2022anti,
  title={ANTi-Vax: a novel Twitter dataset for COVID-19 vaccine misinformation detection},
  author={Hayawi, Kadhim and Shahriar, Sakib and Serhani, Mohamed Adel and Taleb, Ikbal and Mathew, Sujith Samuel},
  journal={Public health},
  volume={203},
  pages={23--30},
  year={2022},
  publisher={Elsevier}
}

@article{lamsal2024crisistransformers,
  title={CrisisTransformers: Pre-trained language models and sentence encoders for crisis-related social media texts},
  author={Lamsal, Rabindra and Read, Maria Rodriguez and Karunasekera, Shanika},
  journal={Knowledge-Based Systems},
  volume={296},
  pages={111916},
  year={2024},
  publisher={Elsevier}
}

@article{nguyen2020bertweet,
  title={BERTweet: A pre-trained language model for English Tweets},
  author={Nguyen, Dat Quoc and Vu, Thanh and Nguyen, Anh Tuan},
  journal={arXiv preprint arXiv:2005.10200},
  year={2020}
}

@inproceedings{nazer2016finding,
  title={Finding requests in social media for disaster relief},
  author={Nazer, Tahora H and Morstatter, Fred and Dani, Harsh and Liu, Huan},
  booktitle={2016 IEEE/ACM International Conference on Advances in Social Networks Analysis and Mining (ASONAM)},
  pages={1410--1413},
  year={2016},
  organization={IEEE}
}

@article{devaraj2020machine,
  title={Machine-learning methods for identifying social media-based requests for urgent help during hurricanes},
  author={Devaraj, Ashwin and Murthy, Dhiraj and Dontula, Aman},
  journal={International Journal of Disaster Risk Reduction},
  volume={51},
  pages={101757},
  year={2020},
  publisher={Elsevier}
}

@article{dutt2019utilizing,
  title={Utilizing microblogs for assisting post-disaster relief operations via matching resource needs and availabilities},
  author={Dutt, Ritam and Basu, Moumita and Ghosh, Kripabandhu and Ghosh, Saptarshi},
  journal={Information Processing \& Management},
  volume={56},
  number={5},
  pages={1680--1697},
  year={2019},
  publisher={Elsevier}
}

@article{ullah2021rweetminer,
  title={RweetMiner: Automatic identification and categorization of help requests on twitter during disasters},
  author={Ullah, Irfan and Khan, Sharifullah and Imran, Muhammad and Lee, Young-Koo},
  journal={Expert Systems with Applications},
  volume={176},
  pages={114787},
  year={2021},
  publisher={Elsevier}
}

@inproceedings{he2017signals,
  title={The signals and noise: actionable information in improvised social media channels during a disaster},
  author={He, Xingsheng and Lu, Di and Margolin, Drew and Wang, Mengdi and Idrissi, Salma El and Lin, Yu-Ru},
  booktitle={Proceedings of the 2017 ACM on web science conference},
  pages={33--42},
  year={2017}
}

@article{mikolov2013efficient,
  title={Efficient estimation of word representations in vector space},
  author={Mikolov, Tomas and Chen, Kai and Corrado, Greg and Dean, Jeffrey},
  journal={arXiv preprint arXiv:1301.3781},
  year={2013}
}

@article{zhou2022victimfinder,
  title={VictimFinder: Harvesting rescue requests in disaster response from social media with BERT},
  author={Zhou, Bing and Zou, Lei and Mostafavi, Ali and Lin, Binbin and Yang, Mingzheng and Gharaibeh, Nasir and Cai, Heng and Abedin, Joynal and Mandal, Debayan},
  journal={Computers, Environment and Urban Systems},
  volume={95},
  pages={101824},
  year={2022},
  publisher={Elsevier}
}

@inproceedings{vaswani2017attention,
  title={Attention is all you need},
  author={Vaswani, Ashish and Shazeer, Noam and Parmar, Niki and Uszkoreit, Jakob and Jones, Llion and Gomez, Aidan N and Kaiser, {\L}ukasz and Polosukhin, Illia},
  booktitle={Proceedings of NIPS},
  pages={5998--6008},
  year={2017}
}

@article{devlin2018bert,
  title={Bert: Pre-training of deep bidirectional transformers for language understanding},
  author={Devlin, Jacob and Chang, Ming-Wei and Lee, Kenton and Toutanova, Kristina},
  journal={arXiv preprint arXiv:1810.04805},
  year={2018}
}

@article{liu2019roberta,
  title={Roberta: A robustly optimized bert pretraining approach},
  author={Liu, Yinhan and Ott, Myle and Goyal, Naman and Du, Jingfei and Joshi, Mandar and Chen, Danqi and Levy, Omer and Lewis, Mike and Zettlemoyer, Luke and Stoyanov, Veselin},
  journal={arXiv preprint arXiv:1907.11692},
  year={2019}
}

@article{song2020mpnet,
  title={Mpnet: Masked and permuted pre-training for language understanding},
  author={Song, Kaitao and Tan, Xu and Qin, Tao and Lu, Jianfeng and Liu, Tie-Yan},
  journal={Advances in Neural Information Processing Systems},
  volume={33},
  pages={16857--16867},
  year={2020}
}

@article{conneau2019unsupervised,
  title={Unsupervised cross-lingual representation learning at scale},
  author={Conneau, Alexis and Khandelwal, Kartikay and Goyal, Naman and Chaudhary, Vishrav and Wenzek, Guillaume and Guzm{\'a}n, Francisco and Grave, Edouard and Ott, Myle and Zettlemoyer, Luke and Stoyanov, Veselin},
  journal={arXiv preprint arXiv:1911.02116},
  year={2019}
}

@inproceedings{alam2021crisisbench,
  title={CrisisBench: Benchmarking crisis-related social media datasets for humanitarian information processing},
  author={Alam, Firoj and Sajjad, Hassan and Imran, Muhammad and Ofli, Ferda},
  booktitle={Proceedings of ICWSM},
  volume={15},
  pages={923--932},
  year={2021}
}

@article{prasad2023identification,
  title={Identification and classification of transportation disaster tweets using improved bidirectional encoder representations from transformers},
  author={Prasad, Rajesh and Udeme, Akpan Uyime and Misra, Sanjay and Bisallah, Hashim},
  journal={International Journal of Information Management Data Insights},
  volume={3},
  number={1},
  pages={100154},
  year={2023},
  publisher={Elsevier}
}

@article{koshy2023multimodal,
  title={Multimodal tweet classification in disaster response systems using transformer-based bidirectional attention model},
  author={Koshy, Rani and Elango, Sivasankar},
  journal={Neural Computing and Applications},
  volume={35},
  number={2},
  pages={1607--1627},
  year={2023},
  publisher={Springer}
}

@article{myint2024unveiling,
  title={Unveiling the dynamics of crisis events: Sentiment and emotion analysis via multi-task learning with attention mechanism and subject-based intent prediction},
  author={Myint, Phyo Yi Win and Lo, Siaw Ling and Zhang, Yuhao},
  journal={Information Processing \& Management},
  volume={61},
  number={4},
  pages={103695},
  year={2024},
  publisher={Elsevier}
}

@article{suwaileh2023idrisi,
  title={IDRISI-RE: A generalizable dataset with benchmarks for location mention recognition on disaster tweets},
  author={Suwaileh, Reem and Elsayed, Tamer and Imran, Muhammad},
  journal={Information Processing \& Management},
  volume={60},
  number={3},
  pages={103340},
  year={2023},
  publisher={Elsevier}
}

@article{han2015deep,
  title={Deep compression: Compressing deep neural networks with pruning, trained quantization and huffman coding},
  author={Han, Song and Mao, Huizi and Dally, William J},
  journal={arXiv preprint arXiv:1510.00149},
  year={2015}
}

@article{gong2014compressing,
  title={Compressing deep convolutional networks using vector quantization},
  author={Gong, Yunchao and Liu, Liu and Yang, Ming and Bourdev, Lubomir},
  journal={arXiv preprint arXiv:1412.6115},
  year={2014}
}

@article{hinton2015distillingknowledgeneuralnetwork,
      title={Distilling the Knowledge in a Neural Network}, 
      author={Hinton, Geoffrey and Vinyals, Oriol and Dean, Jeff},
      year={2015},
      eprint={1503.02531},
      archivePrefix={arXiv},
      primaryClass={stat.ML},
      url={https://arxiv.org/abs/1503.02531}, 
}

@misc{sanh2020distilbertdistilledversionbert,
      title={DistilBERT, a distilled version of BERT: smaller, faster, cheaper and lighter}, 
      author={Victor Sanh and Lysandre Debut and Julien Chaumond and Thomas Wolf},
      year={2020},
      eprint={1910.01108},
      archivePrefix={arXiv},
      primaryClass={cs.CL},
      url={https://arxiv.org/abs/1910.01108}, 
}

@article{turc2019well,
  title={Well-read students learn better: On the importance of pre-training compact models},
  author={Turc, Iulia and Chang, Ming-Wei and Lee, Kenton and Toutanova, Kristina},
  journal={arXiv preprint arXiv:1908.08962},
  year={2019}
}

@article{sun2020mobilebert,
  title={Mobilebert: a compact task-agnostic bert for resource-limited devices},
  author={Sun, Zhiqing and Yu, Hongkun and Song, Xiaodan and Liu, Renjie and Yang, Yiming and Zhou, Denny},
  journal={arXiv preprint arXiv:2004.02984},
  year={2020}
}

@article{sun2019patient,
  title={Patient knowledge distillation for bert model compression},
  author={Sun, Siqi and Cheng, Yu and Gan, Zhe and Liu, Jingjing},
  journal={arXiv preprint arXiv:1908.09355},
  year={2019}
}

@article{mchugh2012interrater,
  title={Interrater reliability: the kappa statistic},
  author={McHugh, Mary L},
  journal={Biochemia medica},
  volume={22},
  number={3},
  pages={276--282},
  year={2012},
  publisher={Medicinska naklada}
}
