@article{DPO,
  title={Direct preference optimization: Your language model is secretly a reward model},
  author={Rafailov, Rafael and Sharma, Archit and Mitchell, Eric and Manning, Christopher D and Ermon, Stefano and Finn, Chelsea},
  journal={Advances in Neural Information Processing Systems},
  volume={36},
  year={2024}
}

@inproceedings{IPO,
  title={A general theoretical paradigm to understand learning from human preferences},
  author={Azar, Mohammad Gheshlaghi and Guo, Zhaohan Daniel and Piot, Bilal and Munos, Remi and Rowland, Mark and Valko, Michal and Calandriello, Daniele},
  booktitle={International Conference on Artificial Intelligence and Statistics},
  pages={4447--4455},
  year={2024},
  organization={PMLR}
}

@article{KTO,
  title={Kto: Model alignment as prospect theoretic optimization},
  author={Ethayarajh, Kawin and Xu, Winnie and Muennighoff, Niklas and Jurafsky, Dan and Kiela, Douwe},
  journal={arXiv preprint arXiv:2402.01306},
  year={2024}
}

@article{ORPO,
  title={Reference-free monolithic preference optimization with odds ratio},
  author={Hong, Jiwoo and Lee, Noah and Thorne, James},
  journal={arXiv preprint arXiv:2403.07691},
  year={2024}
}

@article{PPO,
  title={Proximal policy optimization algorithms},
  author={Schulman, John and Wolski, Filip and Dhariwal, Prafulla and Radford, Alec and Klimov, Oleg},
  journal={arXiv preprint arXiv:1707.06347},
  year={2017}
}

@article{PPO-basedRLHF,
  title={Fine-tuning language models from human preferences},
  author={Ziegler, Daniel M and Stiennon, Nisan and Wu, Jeffrey and Brown, Tom B and Radford, Alec and Amodei, Dario and Christiano, Paul and Irving, Geoffrey},
  journal={arXiv preprint arXiv:1909.08593},
  year={2019}
}

@article{SimPO,
  title={Simpo: Simple preference optimization with a reference-free reward},
  author={Meng, Yu and Xia, Mengzhou and Chen, Danqi},
  journal={arXiv preprint arXiv:2405.14734},
  year={2024}
}

@article{achiam2023gpt,
  title={Gpt-4 technical report},
  author={Achiam, Josh and Adler, Steven and Agarwal, Sandhini and Ahmad, Lama and Akkaya, Ilge and Aleman, Florencia Leoni and Almeida, Diogo and Altenschmidt, Janko and Altman, Sam and Anadkat, Shyamal and others},
  journal={arXiv preprint arXiv:2303.08774},
  year={2023}
}

@article{arumugam2019deep,
  title={Deep reinforcement learning from policy-dependent human feedback},
  author={Arumugam, Dilip and Lee, Jun Ki and Saskin, Sophie and Littman, Michael L},
  journal={arXiv preprint arXiv:1902.04257},
  year={2019}
}

@article{bai2022training,
  title={Training a helpful and harmless assistant with reinforcement learning from human feedback},
  author={Bai, Yuntao and Jones, Andy and Ndousse, Kamal and Askell, Amanda and Chen, Anna and DasSarma, Nova and Drain, Dawn and Fort, Stanislav and Ganguli, Deep and Henighan, Tom and others},
  journal={arXiv preprint arXiv:2204.05862},
  year={2022}
}

@article{bubeck2023sparks,
  title={Sparks of artificial general intelligence: Early experiments with gpt-4},
  author={Bubeck, S{\'e}bastien and Chandrasekaran, Varun and Eldan, Ronen and Gehrke, Johannes and Horvitz, Eric and Kamar, Ece and Lee, Peter and Lee, Yin Tat and Li, Yuanzhi and Lundberg, Scott and others},
  journal={arXiv preprint arXiv:2303.12712},
  year={2023}
}

@article{chang2024survey,
  title={A survey on evaluation of large language models},
  author={Chang, Yupeng and Wang, Xu and Wang, Jindong and Wu, Yuan and Yang, Linyi and Zhu, Kaijie and Chen, Hao and Yi, Xiaoyuan and Wang, Cunxiang and Wang, Yidong and others},
  journal={ACM Transactions on Intelligent Systems and Technology},
  volume={15},
  number={3},
  pages={1--45},
  year={2024},
  publisher={ACM New York, NY}
}

@article{dai2023safe,
  title={Safe rlhf: Safe reinforcement learning from human feedback},
  author={Dai, Josef and Pan, Xuehai and Sun, Ruiyang and Ji, Jiaming and Xu, Xinbo and Liu, Mickel and Wang, Yizhou and Yang, Yaodong},
  journal={arXiv preprint arXiv:2310.12773},
  year={2023}
}

@inproceedings{engstrom2019implementation,
  title={Implementation matters in deep rl: A case study on ppo and trpo},
  author={Engstrom, Logan and Ilyas, Andrew and Santurkar, Shibani and Tsipras, Dimitris and Janoos, Firdaus and Rudolph, Larry and Madry, Aleksander},
  booktitle={International conference on learning representations},
  year={2019}
}

@article{hadi2023survey,
  title={A survey on large language models: Applications, challenges, limitations, and practical usage},
  author={Hadi, Muhammad Usman and Qureshi, Rizwan and Shah, Abbas and Irfan, Muhammad and Zafar, Anas and Shaikh, Muhammad Bilal and Akhtar, Naveed and Wu, Jia and Mirjalili, Seyedali and others},
  journal={Authorea Preprints},
  year={2023},
  publisher={Authorea}
}

@article{hadi2024large,
  title={Large language models: a comprehensive survey of its applications, challenges, limitations, and future prospects},
  author={Hadi, Muhammad Usman and Al Tashi, Qasem and Shah, Abbas and Qureshi, Rizwan and Muneer, Amgad and Irfan, Muhammad and Zafar, Anas and Shaikh, Muhammad Bilal and Akhtar, Naveed and Wu, Jia and others},
  journal={Authorea Preprints},
  year={2024},
  publisher={Authorea}
}

@article{ivison2024unpacking,
  title={Unpacking DPO and PPO: Disentangling Best Practices for Learning from Preference Feedback},
  author={Ivison, Hamish and Wang, Yizhong and Liu, Jiacheng and Wu, Zeqiu and Pyatkin, Valentina and Lambert, Nathan and Smith, Noah A and Choi, Yejin and Hajishirzi, Hannaneh},
  journal={arXiv preprint arXiv:2406.09279},
  year={2024}
}

@article{li2023policy,
  title={Policy optimization in rlhf: The impact of out-of-preference data},
  author={Li, Ziniu and Xu, Tian and Yu, Yang},
  journal={arXiv preprint arXiv:2312.10584},
  year={2023}
}

@article{lin2024limited,
  title={On the Limited Generalization Capability of the Implicit Reward Model Induced by Direct Preference Optimization},
  author={Lin, Yong and Seto, Skyler and ter Hoeve, Maartje and Metcalf, Katherine and Theobald, Barry-John and Wang, Xuan and Zhang, Yizhe and Huang, Chen and Zhang, Tong},
  journal={arXiv preprint arXiv:2409.03650},
  year={2024}
}

@article{minaee2024large,
  title={Large language models: A survey},
  author={Minaee, Shervin and Mikolov, Tomas and Nikzad, Narjes and Chenaghlu, Meysam and Socher, Richard and Amatriain, Xavier and Gao, Jianfeng},
  journal={arXiv preprint arXiv:2402.06196},
  year={2024}
}

@article{ouyang2022training,
  title={Training language models to follow instructions with human feedback},
  author={Ouyang, Long and Wu, Jeffrey and Jiang, Xu and Almeida, Diogo and Wainwright, Carroll and Mishkin, Pamela and Zhang, Chong and Agarwal, Sandhini and Slama, Katarina and Ray, Alex and others},
  journal={Advances in neural information processing systems},
  volume={35},
  pages={27730--27744},
  year={2022}
}

@article{schulman2017proximal,
  title={Proximal policy optimization algorithms},
  author={Schulman, John and Wolski, Filip and Dhariwal, Prafulla and Radford, Alec and Klimov, Oleg},
  journal={arXiv preprint arXiv:1707.06347},
  year={2017}
}

@inproceedings{singh2022flava,
  title={Flava: A foundational language and vision alignment model},
  author={Singh, Amanpreet and Hu, Ronghang and Goswami, Vedanuj and Couairon, Guillaume and Galuba, Wojciech and Rohrbach, Marcus and Kiela, Douwe},
  booktitle={Proceedings of the IEEE/CVF Conference on Computer Vision and Pattern Recognition},
  pages={15638--15650},
  year={2022}
}

@article{tang2024understanding,
  title={Understanding the performance gap between online and offline alignment algorithms},
  author={Tang, Yunhao and Guo, Daniel Zhaohan and Zheng, Zeyu and Calandriello, Daniele and Cao, Yuan and Tarassov, Eugene and Munos, R{\'e}mi and Pires, Bernardo {\'A}vila and Valko, Michal and Cheng, Yong and others},
  journal={arXiv preprint arXiv:2405.08448},
  year={2024}
}

@article{xu2024dpo,
  title={Is dpo superior to ppo for llm alignment? a comprehensive study},
  author={Xu, Shusheng and Fu, Wei and Gao, Jiaxuan and Ye, Wenjie and Liu, Weilin and Mei, Zhiyu and Wang, Guangju and Yu, Chao and Wu, Yi},
  journal={arXiv preprint arXiv:2404.10719},
  year={2024}
}

@article{yan20243d,
  title={3D-Properties: Identifying Challenges in DPO and Charting a Path Forward},
  author={Yan, Yuzi and Miao, Yibo and Li, Jialian and Zhang, Yipin and Xie, Jian and Deng, Zhijie and Yan, Dong},
  journal={arXiv preprint arXiv:2406.07327},
  year={2024}
}

@article{zhao2023survey,
  title={A survey of large language models},
  author={Zhao, Wayne Xin and Zhou, Kun and Li, Junyi and Tang, Tianyi and Wang, Xiaolei and Hou, Yupeng and Min, Yingqian and Zhang, Beichen and Zhang, Junjie and Dong, Zican and others},
  journal={arXiv preprint arXiv:2303.18223},
  year={2023}
}

@article{zhong2024dpo,
  title={Dpo meets ppo: Reinforced token optimization for rlhf},
  author={Zhong, Han and Feng, Guhao and Xiong, Wei and Zhao, Li and He, Di and Bian, Jiang and Wang, Liwei},
  journal={arXiv preprint arXiv:2404.18922},
  year={2024}
}

