@article{khemchandani2007twin,
  title={Twin support vector machines for pattern classification},
  author={ Jayadeva and Khemchandani, Reshma and Chandra, Suresh},
  journal={IEEE Transactions on Pattern Analysis and Machine Intelligence},
  volume={29},
  number={5},
  pages={905--910},
  year={2007},
  publisher={IEEE}
}

@article{suykens1999least,
  title={Least squares support vector machine classifiers},
  author={Suykens, Johan AK and Vandewalle, Joos},
  journal={Neural Processing Letters},
  volume={9},
  pages={293--300},
  year={1999},
  publisher={Springer}
}

@article{suykens2017deep,
  title={Deep restricted kernel machines using conjugate feature duality},
  author={Suykens, Johan AK},
  journal={Neural Computation},
  volume={29},
  number={8},
  pages={2123--2163},
  year={2017},
  publisher={MIT Press}
}

