@article{hinton2006fast,
  title={A fast learning algorithm for deep belief nets},
  author={Hinton, Geoffrey E and Osindero, Simon and Teh, Yee-Whye},
  journal={Neural Computation},
  volume={18},
  number={7},
  pages={1527--1554},
  year={2006},
  publisher={MIT Press One Rogers Street, Cambridge, MA 02142-1209, USA journals-info~…}
}

@book{rockafellar1974conjugate,
  title={Conjugate Duality and Optimization},
  author={Rockafellar, R Tyrrell},
  year={1974},
  publisher={SIAM}
}

@article{suykens2017deep,
  title={Deep restricted kernel machines using conjugate feature duality},
  author={Suykens, Johan AK},
  journal={Neural Computation},
  volume={29},
  number={8},
  pages={2123--2163},
  year={2017},
  publisher={MIT Press}
}

@article{suykens1999least,
  title={Least squares support vector machine classifiers},
  author={Suykens, Johan AK and Vandewalle, Joos},
  journal={Neural Processing Letters},
  volume={9},
  pages={293--300},
  year={1999},
  publisher={Springer}
}

@article{khemchandani2007twin,
  title={Twin support vector machines for pattern classification},
  author={ Jayadeva and Khemchandani, Reshma and Chandra, Suresh},
  journal={IEEE Transactions on Pattern Analysis and Machine Intelligence},
  volume={29},
  number={5},
  pages={905--910},
  year={2007},
  publisher={IEEE}
}

@article{cortes1995support,
  title={Support-vector networks},
  author={Cortes, Corinna and Vapnik, Vladimir},
  journal={Machine Learning},
  volume={20},
  pages={273--297},
  year={1995},
  publisher={Springer}
}

@article{tanveer2019general,
  title={General twin support vector machine with pinball loss function},
  author={Tanveer, M. and Sharma, A. and Suganthan, P. N.},
  journal={Information Sciences},
  volume={494},
  pages={311--327},
  year={2019},
  publisher={Elsevier}
}

@article{demvsar2006statistical,
  title={Statistical comparisons of classifiers over multiple data sets},
  author={Dem{\v{s}}ar, Janez},
  journal={The Journal of Machine Learning Research},
  volume={7},
  pages={1--30},
  year={2006},
  publisher={JMLR. org}
}

@article{pal2005support,
  title={Support vector machines for classification in remote sensing},
  author={Pal, Mahesh and Mather, Paul M},
  journal={International Journal of Remote Sensing},
  volume={26},
  number={5},
  pages={1007--1011},
  year={2005},
  publisher={Taylor \& Francis}
}

@article{richhariya2018eeg,
  title={{EEG} signal classification using universum support vector machine},
  author={Richhariya, Bharat and Tanveer, M.},
  journal={Expert Systems with Applications},
  volume={106},
  pages={169--182},
  year={2018},
  publisher={Elsevier}
}


@article{li2008joint,
  title={Joint feature re-extraction and classification using an iterative semi-supervised support vector machine algorithm},
  author={Li, Yuanqing and Guan, Cuntai},
  journal={Machine Learning},
  volume={71},
  pages={33--53},
  year={2008},
  publisher={Springer}
}

@article{shawe2004kernel,
  title={Kernel Methods for Pattern Analysis},
  author={Shawe-Taylor, J},
  journal={Cambridge University Press},
  volume={2},
  pages={181--201},
  year={2004}
}

@article{bishop2006pattern,
  title={Pattern recognition and machine learning},
  author={Bishop, Christopher M},
  journal={Springer},
  volume={2},
  pages={1122--1128},
  year={2006}
}

@article{mangasarian2005multisurface,
  title={Multisurface proximal support vector machine classification via generalized eigenvalues},
  author={Mangasarian, Olvi L and Wild, Edward W},
  journal={IEEE Transactions on Pattern Analysis and Machine Intelligence},
  volume={28},
  number={1},
  pages={69--74},
  year={2005},
  publisher={IEEE}
}

@article{tanveer2022comprehensive,
  title={Comprehensive review on twin support vector machines},
  author={Tanveer, Mohammad and Rajani, T and Rastogi, Reshma and Shao, Yuan-Hai and Ganaie, M. A},
  journal={Annals of Operations Research},
  pages={1--46},
  year={2022, 
https://doi.org/10.1007/s10479-022-04575-w},
  publisher={Springer}
}

@article{quadir2024granular,
  title={Granular Ball Twin Support Vector Machine With Pinball Loss Function},
  author={Quadir, A and Tanveer, M},
  journal={IEEE Transactions on Computational Social Systems},
  year={2024, 10.1109/TCSS.2024.3411395},
  publisher={IEEE}
}

@article{kumar2009least,
  title={Least squares twin support vector machines for pattern classification},
  author={Kumar, M Arun and Gopal, Madan},
  journal={Expert Systems with Applications},
  volume={36},
  number={4},
  pages={7535--7543},
  year={2009},
  publisher={Elsevier}
}

@article{quadir2024multiview,
  title={Multiview learning with twin parametric margin {SVM}},
  author={Quadir, A and Tanveer, M},
  journal={arXiv preprint arXiv:2408.01981},
  year={2024}
}

@article{basak2007support,
  title={Support vector regression},
  author={Basak, Debasish and Pal, Srimanta and Patranabis, Dipak Chandra and others},
  journal={Neural Information Processing-Letters and Reviews},
  volume={11},
  number={10},
  pages={203--224},
  year={2007}
}

@article{drucker1996support,
  title={Support vector regression machines},
  author={Drucker, Harris and Burges, Christopher J and Kaufman, Linda and Smola, Alex and Vapnik, Vladimir},
  journal={Advances in neural information processing systems},
  volume={9},
  year={1996}
}

@article{akhtar2024enhancing,
  title={Enhancing Efficiency and Robustness in Support Vector Regression with HawkEye Loss},
  author={Akhtar, Mushir and Tanveer, M and Arshad, Mohd},
  journal={arXiv preprint arXiv:2401.16785},
  year={2024}
}

@article{peng2010tsvr,
  title={{TSVR}: an efficient twin support vector machine for regression},
  author={Peng, Xinjun},
  journal={Neural Networks},
  volume={23},
  number={3},
  pages={365--372},
  year={2010},
  publisher={Elsevier}
}

@article{shao2013varepsilon,
  title={An $\varepsilon$-twin support vector machine for regression},
  author={Shao, Yuan-Hai and Zhang, Chun-Hua and Yang, Zhi-Min and Jing, Ling and Deng, Nai-Yang},
  journal={Neural Computing and Applications},
  volume={23},
  pages={175--185},
  year={2013},
  publisher={Springer}
}

@article{peng2014twin,
  title={A twin projection support vector machine for data regression},
  author={Peng, Xinjun and Xu, Dong and Shen, Jindong},
  journal={Neurocomputing},
  volume={138},
  pages={131--141},
  year={2014},
  publisher={Elsevier}
}

@article{ye2024twin,
  title={Twin support vector quantile regression},
  author={Ye, Yafen and Xu, Zhihu and Zhang, Jinhua and Chen, Weijie and Shao, Yuanhai},
  journal={Expert Systems with Applications},
  volume={237},
  pages={121239},
  year={2024},
  publisher={Elsevier}
}

@article{zhao2013twin,
  title={Twin least squares support vector regression},
  author={Zhao, Yong-Ping and Zhao, Jing and Zhao, Min},
  journal={Neurocomputing},
  volume={118},
  pages={225--236},
  year={2013},
  publisher={Elsevier}
}

@book{scholkopf2002learning,
  title={Learning with kernels: support vector machines, regularization, optimization, and beyond},
  author={Sch{\"o}lkopf, Bernhard and Smola, Alexander J},
  year={2002},
  publisher={MIT press}
}


@book{cristianini2000introduction,
  title={An introduction to support vector machines and other kernel-based learning methods},
  author={Cristianini, Nello and Shawe-Taylor, John},
  year={2000},
  publisher={Cambridge University Press}
}



@article{tonin2021unsupervised,
  title={Unsupervised learning of disentangled representations in deep restricted kernel machines with orthogonality constraints},
  author={Tonin, Francesco and Patrinos, Panagiotis and Suykens, Johan AK},
  journal={Neural Networks},
  volume={142},
  pages={661--679},
  year={2021},
  publisher={Elsevier}
}

@article{pandey2021generative,
  title={Generative restricted kernel machines: A framework for multi-view generation and disentangled feature learning},
  author={Pandey, Arun and Schreurs, Joachim and Suykens, Johan AK},
  journal={Neural Networks},
  volume={135},
  pages={177--191},
  year={2021},
  publisher={Elsevier}
}

@article{pandey2022disentangled,
  title={Disentangled representation learning and generation with manifold optimization},
  author={Pandey, Arun and Fanuel, Micha{\"e}l and Schreurs, Joachim and Suykens, Johan AK},
  journal={Neural Computation},
  volume={34},
  number={10},
  pages={2009--2036},
  year={2022},
  publisher={MIT Press One Rogers Street, Cambridge, MA 02142-1209, USA journals-info~…}
}

@article{houthuys2021tensor,
  title={Tensor-based restricted kernel machines for multi-view classification},
  author={Houthuys, Lynn and Suykens, Johan AK},
  journal={Information Fusion},
  volume={68},
  pages={54--66},
  year={2021},
  publisher={Elsevier}
}

@article{dua2017uci,
  title={{UCI} machine learning repository.},
  author={Dua, Dheeru and Graff, Casey},
journal={Available: http://archive.ics.uci.edu/ml},
  year={2017},
  publisher={Beijing China}
}

@article{derrac2015keel,
  title={K{EEL} data-mining software tool: Data set repository, integration of algorithms and experimental analysis framework},
  author={Derrac, J and Garcia, S and Sanchez, L and Herrera, F},
  journal={J. Mult. Valued Log. Soft Comput},
  volume={17},
  pages={255--287},
  year={2015}
}

@misc{ndc,
author = "D. R. Musicant",
title = {{NDC:} Normally Distributed Clustered Datasets},
year = 1998,
institution = {Computer Sciences Department, University of Wisconsin, Madison},
note = { www.cs.wisc.edu/dmi/svm/ndc/}}

@article{ganaie2022brain,
  title={Brain age prediction with improved least squares twin {SVR}},
  author={Ganaie, M A and Tanveer, Muhammad and Beheshti, Iman},
  journal={IEEE Journal of Biomedical and Health Informatics},
  volume={27},
  number={4},
  pages={1661--1669},
  year={2022},
  publisher={IEEE}
}

@article{beheshti2018association,
  title={The association between “{B}rain-{A}ge {S}core”({BAS}) and traditional neuropsychological screening tools in {A}lzheimer's disease},
  author={Beheshti, Iman and Maikusa, Norihide and Matsuda, Hiroshi},
  journal={Brain and Behavior},
  volume={8},
  number={8},
  pages={e01020},
  year={2018},
  publisher={Wiley Online Library}
}

@article{beheshti2021disappearing,
  title={Disappearing metabolic youthfulness in the cognitively impaired female brain},
  author={Beheshti, Iman and Nugent, Scott and Potvin, Olivier and Duchesne, Simon},
  journal={Neurobiology of Aging},
  volume={101},
  pages={224--229},
  year={2021},
  publisher={Elsevier}
}

@article{quadir2024intuitionistic,
  title={Intuitionistic fuzzy generalized eigenvalue proximal support vector machine},
  author={Quadir, A and Ganaie, M A and Tanveer, M},
  journal={Neurocomputing},
  volume={608},
  pages={128258},
  year={2024},
  publisher={Elsevier}
}

@article{INquadir2024intuitionistic,
  title={Intuitionistic Fuzzy Universum Twin Support Vector Machine for Imbalanced Data},
  author={Quadir, A and Tanveer, M},
  journal={arXiv preprint arXiv:2410.20335},
  year={2024}
}

@article{quadir2024enhancing,
  title={Enhancing multiview synergy: robust learning by exploiting the wave loss function with consensus and complementarity principles},
  author={Quadir, Abdul and Akhtar, Mushir and Tanveer, M},
  journal={arXiv preprint arXiv:2408.06819},
  year={2024}
}

@article{quadir2024enhanced,
  title={Enhanced Feature Based Granular Ball Twin Support Vector Machine},
  author={Quadir, A and Sajid, M and Tanveer, M and Suganthan, P N},
  journal={arXiv preprint arXiv:2410.05786v1},
  year={2024}
}

@article{GBquadir2024granular,
  title={Granular ball twin support vector machine},
  author={Quadir, A and Sajid, M and Tanveer, M},
  journal={IEEE Transactions on Neural Networks and Learning Systems},
  year={2024, 10.1109/TNNLS.2024.3476391},
  publisher={IEEE}
}