@article{ackland1997practical,
  title={Practical methods in ab initio lattice dynamics},
  author={Ackland, GJ and Warren, MC and Clark, SJ},
  journal={Journal of Physics: Condensed Matter},
  volume={9},
  number={37},
  pages={7861},
  year={1997},
  publisher={IOP Publishing}
}

@article{vandewalle2002effect,
  title={The effect of lattice vibrations on substitutional alloy thermodynamics},
  author={Van De Walle, Axel and Ceder, Gerbrand},
  journal={Reviews of Modern Physics},
  volume={74},
  number={1},
  pages={11},
  year={2002},
  publisher={APS}
}


@misc{neumann2024orbf,
      title={Orb: A Fast, Scalable Neural Network Potential}, 
      author={Mark Neumann and James Gin and Benjamin Rhodes and Steven Bennett and Zhiyi Li and Hitarth Choubisa and Arthur Hussey and Jonathan Godwin},
      year={2024},
      eprint={2410.22570},
      archivePrefix={arXiv},
      primaryClass={cond-mat.mtrl-sci},
      url={https://arxiv.org/abs/2410.22570}, 
}

@article{ganose2021efficient,
  title={Efficient calculation of carrier scattering rates from first principles},
  author={Ganose, Alex M and Park, Junsoo and Faghaninia, Alireza and Woods-Robinson, Rachel and Persson, Kristin A and Jain, Anubhav},
  journal={Nature communications},
  volume={12},
  number={1},
  pages={2222},
  year={2021},
  publisher={Nature Publishing Group UK London}
}

@article{bartel2022review,
  title={Review of computational approaches to predict the thermodynamic stability of inorganic solids},
  author={Bartel, Christopher J},
  journal={Journal of Materials Science},
  volume={57},
  number={23},
  pages={10475--10498},
  year={2022},
  publisher={Springer}
}

@article{fultz2010vibrational,
  title={Vibrational thermodynamics of materials},
  author={Fultz, Brent},
  journal={Progress in Materials Science},
  volume={55},
  number={4},
  pages={247--352},
  year={2010},
  publisher={Elsevier}
}

@incollection{razeghi2002thermal,
  title = {Thermal {{Properties}} of {{Crystals}}},
  author = {Razeghi, Manijeh}, 
  booktitle = {Fundamentals of {{Solid State Engineering}}},
  editor = {Razeghi, Manijeh},
  date = {2002},
  year = {2002},
  pages = {197--220},
  publisher = {Springer US},
  location = {Boston, MA},
  doi = {10.1007/0-306-47567-7_7},
}

@article{simoncelli2022wigner,
  title={Wigner formulation of thermal transport in solids},
  author={Simoncelli, Michele and Marzari, Nicola and Mauri, Francesco},
  journal={Physical Review X},
  volume={12},
  number={4},
  pages={041011},
  year={2022},
  publisher={APS}
}

@article{togo2015phono3py,
  title = {Distributions of phonon lifetimes in Brillouin zones},
  author = {Togo, Atsushi and Chaput, Laurent and Tanaka, Isao},
  journal = {Phys. Rev. B},
  volume = {91},
  issue = {9},
  pages = {094306},
  numpages = {31},
  year = {2015},
  month = {Mar},
  publisher = {American Physical Society},
  doi = {10.1103/PhysRevB.91.094306},
}

@article{togo2023phonopy,
  author  = {Togo, Atsushi and Chaput, Laurent and Tadano, Terumasa and Tanaka, Isao},
  title   = {Implementation strategies in phonopy and phono3py},
  journal = {J. Phys. Condens. Matter},
  volume  = {35},
  number  = {35},
  pages   = {353001},
  year    = {2023},
  doi     = {10.1088/1361-648X/acd831}
}

@article{liao2022equiformer,
  title={Equiformer: Equivariant graph attention transformer for 3d atomistic graphs},
  author={Liao, Yi-Lun and Smidt, Tess},
  journal={arXiv preprint arXiv:2206.11990},
  year={2022}
}

@article{riebesell2023matbench,
  title={Matbench Discovery--An evaluation framework for machine learning crystal stability prediction},
  author={Riebesell, Janosh and Goodall, Rhys EA and Jain, Anubhav and Benner, Philipp and Persson, Kristin A and Lee, Alpha A},
  journal={arXiv preprint arXiv:2308.14920},
  year={2023}
}


@article{liao2024generalizing,
  title={Generalizing Denoising to Non-Equilibrium Structures Improves Equivariant Force Fields},
  author={Liao, Yi-Lun and Smidt, Tess and Das, Abhishek},
  journal={arXiv preprint arXiv:2403.09549},
  year={2024}
}

@article{stocker2022robust,
  title={How robust are modern graph neural network potentials in long and hot molecular dynamics simulations?},
  author={Stocker, Sina and Gasteiger, Johannes and Becker, Florian and G{\"u}nnemann, Stephan and Margraf, Johannes T},
  journal={Machine Learning: Science and Technology},
  volume={3},
  number={4},
  pages={045010},
  year={2022},
  publisher={IOP Publishing}
}

@inproceedings{passaro2023reducing,
  title={Reducing SO (3) convolutions to SO (2) for efficient equivariant GNNs},
  author={Passaro, Saro and Zitnick, C Lawrence},
  booktitle={International Conference on Machine Learning},
  pages={27420--27438},
  year={2023},
  organization={Proceedings of Machine Learning Research}
}

@inproceedings{batatia2022mace,
  title={{MACE}: Higher Order Equivariant Message Passing Neural Networks for Fast and Accurate Force Fields},
  author={Ilyes Batatia and David Peter Kovacs and Gregor N. C. Simm and Christoph Ortner and Gabor Csanyi},
  booktitle={Advances in Neural Information Processing Systems},
  editor={Alice H. Oh and Alekh Agarwal and Danielle Belgrave and Kyunghyun Cho},
  year={2022},
  url={https://openreview.net/forum?id=YPpSngE-ZU}
}


@article{zitnick2022spherical,
  title={Spherical channels for modeling atomic interactions},
  author={Zitnick, Larry and Das, Abhishek and Kolluru, Adeesh and Lan, Janice and Shuaibi, Muhammed and Sriram, Anuroop and Ulissi, Zachary and Wood, Brandon},
  journal={Advances in Neural Information Processing Systems},
  volume={35},
  pages={8054--8067},
  year={2022}
}

@article{oc20,
author = {Chanussot, Lowik and Das, Abhishek and Goyal, Siddharth and Lavril, Thibaut and Shuaibi, Muhammed and Riviere, Morgane and Tran, Kevin and Heras-Domingo, Javier and Ho, Caleb and Hu, Weihua and Palizhati, Aini and Sriram, Anuroop and Wood, Brandon and Yoon, Junwoong and Parikh, Devi and Zitnick, C. Lawrence and Ulissi, Zachary},
title = {Open Catalyst 2020 (OC20) Dataset and Community Challenges},
journal = {ACS Catalysis},
volume = {11},
number = {10},
pages = {6059-6072},
year = {2021},
doi = {10.1021/acscatal.0c04525},
URL = { 
        https://doi.org/10.1021/acscatal.0c04525
},
eprint = { 
        https://doi.org/10.1021/acscatal.0c04525
}
}


@article{oc22,
  title={The Open Catalyst 2022 (OC22) dataset and challenges for oxide electrocatalysts},
  author={Tran, Richard and Lan, Janice and Shuaibi, Muhammed and Wood, Brandon M and Goyal, Siddharth and Das, Abhishek and Heras-Domingo, Javier and Kolluru, Adeesh and Rizvi, Ammar and Shoghi, Nima and others},
  journal={ACS Catalysis},
  volume={13},
  number={5},
  pages={3066--3084},
  year={2023},
  publisher={ACS Publications}
}

@article{sabanes2024enhancing,
  title={Enhancing Protein--Ligand Binding Affinity Predictions Using Neural Network Potentials},
  author={Sabanes Zariquiey, Francesc and Galvelis, Raimondas and Gallicchio, Emilio and Chodera, John D and Markland, Thomas E and De Fabritiis, Gianni},
  journal={Journal of Chemical Information and Modeling},
  volume={64},
  number={5},
  pages={1481--1485},
  year={2024},
  publisher={ACS Publications}
}

@article{oppenheimer1927quantentheorie,
  title={Zur Quantentheorie der Molekeln [On the quantum theory of molecules]},
  author={Oppenheimer, MBJR},
  journal={Annalen der Physik},
  volume={389},
  number={20},
  pages={457--484},
  year={1927}
}

@article{loew2024universal,
  title={Universal Machine Learning Interatomic Potentials are Ready for Phonons},
  author={Loew, Antoine and Sun, Dewen and Wang, Hai-Chen and Botti, Silvana and Marques, Miguel AL},
  journal={arXiv preprint arXiv:2412.16551},
  year={2024}
}

@article{pota2024thermal,
  title={Thermal conductivity predictions with foundation atomistic models},
  author={P{\'o}ta, Bal{\'a}zs and Ahlawat, Paramvir and Cs{\'a}nyi, G{\'a}bor and Simoncelli, Michele},
  journal={arXiv preprint arXiv:2408.00755},
  year={2024}
}


@book{tuckerman2023statistical,
  title={Statistical mechanics: theory and molecular simulation},
  author={Tuckerman, Mark E},
  year={2023},
  publisher={Oxford university press}
}

@article{kovacs2023mace,
  title={MACE-OFF23: Transferable machine learning force fields for organic molecules},
  author={Kov{\'a}cs, D{\'a}vid P{\'e}ter and Moore, J Harry and Browning, Nicholas J and Batatia, Ilyes and Horton, Joshua T and Kapil, Venkat and Witt, William C and Magd{\u{a}}u, Ioan-Bogdan and Cole, Daniel J and Cs{\'a}nyi, G{\'a}bor},
  journal={arXiv preprint arXiv:2312.15211},
  year={2023}
}

@article{eastman2023spice,
  title={Spice, a dataset of drug-like molecules and peptides for training machine learning potentials},
  author={Eastman, Peter and Behara, Pavan Kumar and Dotson, David L and Galvelis, Raimondas and Herr, John E and Horton, Josh T and Mao, Yuezhi and Chodera, John D and Pritchard, Benjamin P and Wang, Yuanqing and others},
  journal={Scientific Data},
  volume={10},
  number={1},
  pages={11},
  year={2023},
  publisher={Nature Publishing Group UK London}
}

@article{deng2023chgnet,
  title={CHGNet as a pretrained universal neural network potential for charge-informed atomistic modelling},
  author={Deng, Bowen and Zhong, Peichen and Jun, KyuJung and Riebesell, Janosh and Han, Kevin and Bartel, Christopher J and Ceder, Gerbrand},
  journal={Nature Machine Intelligence},
  volume={5},
  number={9},
  pages={1031--1041},
  year={2023},
  publisher={Nature Publishing Group UK London}
}

@article{owen2024complexity,
  title={Complexity of many-body interactions in transition metals via machine-learned force fields from the TM23 data set},
  author={Owen, Cameron J and Torrisi, Steven B and Xie, Yu and Batzner, Simon and Bystrom, Kyle and Coulter, Jennifer and Musaelian, Albert and Sun, Lixin and Kozinsky, Boris},
  journal={npj Computational Materials},
  volume={10},
  number={1},
  pages={92},
  year={2024},
  publisher={Nature Publishing Group UK London}
}

@article{chmiela2023accurate,
  title={Accurate global machine learning force fields for molecules with hundreds of atoms},
  author={Chmiela, Stefan and Vassilev-Galindo, Valentin and Unke, Oliver T and Kabylda, Adil and Sauceda, Huziel E and Tkatchenko, Alexandre and M{\"u}ller, Klaus-Robert},
  journal={Science Advances},
  volume={9},
  number={2},
  pages={eadf0873},
  year={2023},
  publisher={American Association for the Advancement of Science}
}

@article{hairer2006geometric,
  title={Geometric numerical integration},
  author={Hairer, Ernst and Hochbruck, Marlis and Iserles, Arieh and Lubich, Christian},
  journal={Oberwolfach Reports},
  volume={3},
  number={1},
  pages={805--882},
  year={2006}
}

@inproceedings{
qu2024the,
title={The Importance of Being Scalable: Improving the Speed and Accuracy of Neural Network Interatomic Potentials Across Chemical Domains},
author={Eric Qu and Aditi S. Krishnapriyan},
booktitle={The Thirty-eighth Annual Conference on Neural Information Processing Systems},
year={2024},
url={https://openreview.net/forum?id=Y4mBaZu4vy}
}

@article{gasteiger2020directional,
  title={Directional message passing for molecular graphs},
  author={Gasteiger, Johannes and Gro{\ss}, Janek and G{\"u}nnemann, Stephan},
  journal={arXiv preprint arXiv:2003.03123},
  year={2020}
}

@article{parr1979local,
  title={Local density functional theory of atoms and molecules},
  author={Parr, Robert G and Gadre, Shridhar R and Bartolotti, Libero J},
  journal={Proceedings of the National Academy of Sciences},
  volume={76},
  number={6},
  pages={2522--2526},
  year={1979},
  publisher={National Acad Sciences}
}

@article{unke2021machine,
  title={Machine learning force fields},
  author={Unke, Oliver T and Chmiela, Stefan and Sauceda, Huziel E and Gastegger, Michael and Poltavsky, Igor and Sch\:utt, Kristof T and Tkatchenko, Alexandre and M\"uller, Klaus-Robert},
  journal={Chemical Reviews},
  volume={121},
  number={16},
  pages={10142--10186},
  year={2021},
  publisher={ACS Publications}
}

@article{weiler20183d,
  title={3d steerable cnns: Learning rotationally equivariant features in volumetric data},
  author={Weiler, Maurice and Geiger, Mario and Welling, Max and Boomsma, Wouter and Cohen, Taco S},
  journal={Advances in Neural Information Processing Systems},
  volume={31},
  year={2018}
}

@article{bigi2024dark,
  title={The dark side of the forces: assessing non-conservative force models for atomistic machine learning},
  author={Bigi, Filippo and Langer, Marcel and Ceriotti, Michele},
  journal={arXiv preprint arXiv:2412.11569},
  year={2024}
}

@article{liao2023equiformerv2,
  title={Equiformerv2: Improved equivariant transformer for scaling to higher-degree representations},
  author={Liao, Yi-Lun and Wood, Brandon and Das, Abhishek and Smidt, Tess},
  journal={arXiv preprint arXiv:2306.12059},
  year={2023}
}

@inproceedings{cohen2016group,
  title={Group equivariant convolutional networks},
  author={Cohen, Taco and Welling, Max},
  booktitle={International conference on machine learning},
  pages={2990--2999},
  year={2016},
  organization={PMLR}
}

@article{geiger2022e3nn,
  title={e3nn: Euclidean neural networks},
  author={Geiger, Mario and Smidt, Tess},
  journal={arXiv preprint arXiv:2207.09453},
  year={2022}
}

@article{neumann2024orb,
  title={Orb: A fast, scalable neural network potential},
  author={Neumann, Mark and Gin, James and Rhodes, Benjamin and Bennett, Steven and Li, Zhiyi and Choubisa, Hitarth and Hussey, Arthur and Godwin, Jonathan},
  journal={arXiv preprint arXiv:2410.22570},
  year={2024}
}

@article{hairer2003geometric,
  title={Geometric numerical integration illustrated by the St{\"o}rmer--Verlet method},
  author={Hairer, Ernst and Lubich, Christian and Wanner, Gerhard},
  journal={Acta numerica},
  volume={12},
  pages={399--450},
  year={2003},
  publisher={Cambridge University Press}
}

@article{ba2016layer,
  title={Layer normalization},
  author={Ba, Jimmy Lei},
  journal={arXiv preprint arXiv:1607.06450},
  year={2016}
}

@article{bochkarev2024graph,
  title = {Graph Atomic Cluster Expansion for Semilocal Interactions beyond Equivariant Message Passing},
  author = {Bochkarev, Anton and Lysogorskiy, Yury and Drautz, Ralf},
  journal = {Phys. Rev. X},
  volume = {14},
  issue = {2},
  pages = {021036},
  numpages = {28},
  year = {2024},
  month = {Jun},
  publisher = {American Physical Society},
  doi = {10.1103/PhysRevX.14.021036},
  url = {https://link.aps.org/doi/10.1103/PhysRevX.14.021036}
}

@article{park2024scalable,
	title = {Scalable Parallel Algorithm for Graph Neural Network Interatomic Potentials in Molecular Dynamics Simulations},
	volume = {20},
	doi = {10.1021/acs.jctc.4c00190},
	number = {11},
	journal = {J. Chem. Theory Comput.},
	author = {Park, Yutack and Kim, Jaesun and Hwang, Seungwoo and Han, Seungwu},
	year = {2024},
	pages = {4857--4868},
}

@article{barroso2024open,
  title={Open materials 2024 (omat24) inorganic materials dataset and models},
  author={Barroso-Luque, Luis and Shuaibi, Muhammed and Fu, Xiang and Wood, Brandon M and Dzamba, Misko and Gao, Meng and Rizvi, Ammar and Zitnick, C Lawrence and Ulissi, Zachary W},
  journal={arXiv preprint arXiv:2410.12771},
  year={2024}
}

@article{merchant2023scaling,
  title={Scaling deep learning for materials discovery},
  author={Merchant, Amil and Batzner, Simon and Schoenholz, Samuel S and Aykol, Muratahan and Cheon, Gowoon and Cubuk, Ekin Dogus},
  journal={Nature},
  volume={624},
  number={7990},
  pages={80--85},
  year={2023},
  publisher={Nature Publishing Group UK London}
}

@article{yang2024mattersim,
  title={Mattersim: A deep learning atomistic model across elements, temperatures and pressures},
  author={Yang, Han and Hu, Chenxi and Zhou, Yichi and Liu, Xixian and Shi, Yu and Li, Jielan and Li, Guanzhi and Chen, Zekun and Chen, Shuizhou and Zeni, Claudio and others},
  journal={arXiv preprint arXiv:2405.04967},
  year={2024}
}

@article{eastman2024nutmeg,
  title={Nutmeg and SPICE: models and data for biomolecular machine learning},
  author={Eastman, Peter and Pritchard, Benjamin P and Chodera, John D and Markland, Thomas E},
  journal={Journal of chemical theory and computation},
  volume={20},
  number={19},
  pages={8583--8593},
  year={2024},
  publisher={ACS Publications}
}

@article{schutt2017schnet,
  title={Schnet: A continuous-filter convolutional neural network for modeling quantum interactions},
  author={Sch{\"u}tt, Kristof and Kindermans, Pieter-Jan and Sauceda Felix, Huziel Enoc and Chmiela, Stefan and Tkatchenko, Alexandre and M{\"u}ller, Klaus-Robert},
  journal={Advances in neural information processing systems},
  volume={30},
  year={2017}
}

@article{bartok2013representing,
  title={On representing chemical environments},
  author={Bart{\'o}k, Albert P and Kondor, Risi and Cs{\'a}nyi, G{\'a}bor},
  journal={Physical Review B—Condensed Matter and Materials Physics},
  volume={87},
  number={18},
  pages={184115},
  year={2013},
  publisher={APS}
}

@article{jorgensen1996development,
  title={Development and testing of the OPLS all-atom force field on conformational energetics and properties of organic liquids},
  author={Jorgensen, William L and Maxwell, David S and Tirado-Rives, Julian},
  journal={Journal of the American Chemical Society},
  volume={118},
  number={45},
  pages={11225--11236},
  year={1996},
  publisher={ACS Publications}
}

@article{jorgensen2005potential,
  title={Potential energy functions for atomic-level simulations of water and organic and biomolecular systems},
  author={Jorgensen, William L and Tirado-Rives, Julian},
  journal={Proceedings of the National Academy of Sciences},
  volume={102},
  number={19},
  pages={6665--6670},
  year={2005},
  publisher={National Acad Sciences}
}

@article{grubmuller1991generalized,
  title={Generalized Verlet algorithm for efficient molecular dynamics simulations with long-range interactions},
  author={Grubm{\"u}ller, Helmut and Heller, Helmut and Windemuth, Andreas and Schulten, Klaus},
  journal={Molecular Simulation},
  volume={6},
  number={1-3},
  pages={121--142},
  year={1991},
  publisher={Taylor \& Francis}
}

@article{cheng2024cartesian,
  title={Cartesian atomic cluster expansion for machine learning interatomic potentials},
  author={Cheng, Bingqing},
  journal={npj Computational Materials},
  volume={10},
  number={1},
  pages={157},
  year={2024},
  publisher={Nature Publishing Group UK London}
}

@article{garcia1998long,
  title={Long-time-step methods for oscillatory differential equations},
  author={Garcia-Archilla, Bosco and Sanz-Serna, Jes{\'u}s Maria and Skeel, Robert D},
  journal={SIAM Journal on Scientific Computing},
  volume={20},
  number={3},
  pages={930--963},
  year={1998},
  publisher={SIAM}
}

@article{tuckerman1991molecular,
  title={Molecular dynamics in systems with multiple time scales: Systems with stiff and soft degrees of freedom and with short and long range forces},
  author={Tuckerman, Mark E and Berne, Bruce J},
  journal={The Journal of chemical physics},
  volume={95},
  number={11},
  pages={8362--8364},
  year={1991},
  publisher={American Institute of Physics}
}

@article{tuckerman1992reversible,
  title={Reversible multiple time scale molecular dynamics},
  author={Tuckerman, MBBJM and Berne, Bruce J and Martyna, Glenn J},
  journal={The Journal of chemical physics},
  volume={97},
  number={3},
  pages={1990--2001},
  year={1992},
  publisher={American Institute of Physics}
}

@article{izaguirre2001langevin,
  title={Langevin stabilization of molecular dynamics},
  author={Izaguirre, Jes{\'u}s A and Catarello, Daniel P and Wozniak, Justin M and Skeel, Robert D},
  journal={The Journal of chemical physics},
  volume={114},
  number={5},
  pages={2090--2098},
  year={2001},
  publisher={American Institute of Physics}
}

@article{humphreys1994multiple,
  title={A multiple-time-step molecular dynamics algorithm for macromolecules},
  author={Humphreys, Darryl D and Friesner, Richard A and Berne, Bruce J},
  journal={The Journal of Physical Chemistry},
  volume={98},
  number={27},
  pages={6885--6892},
  year={1994},
  publisher={ACS Publications}
}

@article{luehr2014multiple,
  title={Multiple time step integrators in ab initio molecular dynamics},
  author={Luehr, Nathan and Markland, Thomas E and Mart{\'\i}nez, Todd J},
  journal={The Journal of chemical physics},
  volume={140},
  number={8},
  year={2014},
  publisher={AIP Publishing}
}


@article{vandevondele2005influence,
  title={The influence of temperature and density functional models in ab initio molecular dynamics simulation of liquid water},
  author={VandeVondele, Joost and Mohamed, Fawzi and Krack, Matthias and Hutter, J{\"u}rg and Sprik, Michiel and Parrinello, Michele},
  journal={The Journal of chemical physics},
  volume={122},
  number={1},
  year={2005},
  publisher={AIP Publishing}
}

@inproceedings{jia2020pushing,
  title={Pushing the limit of molecular dynamics with ab initio accuracy to 100 million atoms with machine learning},
  author={Jia, Weile and Wang, Han and Chen, Mohan and Lu, Denghui and Lin, Lin and Car, Roberto and Weinan, E and Zhang, Linfeng},
  booktitle={SC20: International conference for high performance computing, networking, storage and analysis},
  pages={1--14},
  year={2020},
  organization={IEEE}
}


###########################
######### ML FFs ##########
###########################

@article{behler2007generalized,
  title={Generalized neural-network representation of high-dimensional potential-energy surfaces},
  author={Behler, J{\"o}rg and Parrinello, Michele},
  journal={Physical review letters},
  volume={98},
  number={14},
  pages={146401},
  year={2007},
  publisher={APS}
}

@article{smith2017ani,
  title={ANI-1: an extensible neural network potential with DFT accuracy at force field computational cost},
  author={Smith, Justin S and Isayev, Olexandr and Roitberg, Adrian E},
  journal={Chemical science},
  volume={8},
  number={4},
  pages={3192--3203},
  year={2017},
  publisher={Royal Society of Chemistry}
}

@article{smith2020ani,
  title={The ANI-1ccx and ANI-1x data sets, coupled-cluster and density functional theory properties for molecules},
  author={Smith, Justin S and Zubatyuk, Roman and Nebgen, Benjamin and Lubbers, Nicholas and Barros, Kipton and Roitberg, Adrian E and Isayev, Olexandr and Tretiak, Sergei},
  journal={Scientific data},
  volume={7},
  number={1},
  pages={134},
  year={2020},
  publisher={Nature Publishing Group UK London}
}

@article{devereux2020extending,
  title={Extending the applicability of the ANI deep learning molecular potential to sulfur and halogens},
  author={Devereux, Christian and Smith, Justin S and Huddleston, Kate K and Barros, Kipton and Zubatyuk, Roman and Isayev, Olexandr and Roitberg, Adrian E},
  journal={Journal of Chemical Theory and Computation},
  volume={16},
  number={7},
  pages={4192--4202},
  year={2020},
  publisher={ACS Publications}
}

@article{artrith2017efficient,
  title={Efficient and accurate machine-learning interpolation of atomic energies in compositions with many species},
  author={Artrith, Nongnuch and Urban, Alexander and Ceder, Gerbrand},
  journal={Physical Review B},
  volume={96},
  number={1},
  pages={014112},
  year={2017},
  publisher={APS}
}

@article{chmiela2017machine,
  title={Machine learning of accurate energy-conserving molecular force fields},
  author={Chmiela, Stefan and Tkatchenko, Alexandre and Sauceda, Huziel E and Poltavsky, Igor and Sch{\"u}tt, Kristof T and M{\"u}ller, Klaus-Robert},
  journal={Science advances},
  volume={3},
  number={5},
  pages={e1603015},
  year={2017},
  publisher={American Association for the Advancement of Science}
}

@article{zhang2018deep,
  title={Deep potential molecular dynamics: a scalable model with the accuracy of quantum mechanics},
  author={Zhang, Linfeng and Han, Jiequn and Wang, Han and Car, Roberto and Weinan, EJPRL},
  journal={Physical review letters},
  volume={120},
  number={14},
  pages={143001},
  year={2018},
  publisher={APS}
}

@article{zhang2018end,
  title={End-to-end symmetry preserving inter-atomic potential energy model for finite and extended systems},
  author={Zhang, Linfeng and Han, Jiequn and Wang, Han and Saidi, Wissam and Car, Roberto and others},
  journal={Advances in Neural Information Processing Systems},
  volume={31},
  year={2018}
}

@article{unke2018reactive,
  title={A reactive, scalable, and transferable model for molecular energies from a neural network approach based on local information},
  author={Unke, Oliver T and Meuwly, Markus},
  journal={The Journal of chemical physics},
  volume={148},
  number={24},
  pages={241708},
  year={2018},
  publisher={AIP Publishing LLC}
}

@article{thomas2018tensor,
  title={Tensor field networks: Rotation-and translation-equivariant neural networks for 3d point clouds},
  author={Thomas, Nathaniel and Smidt, Tess and Kearnes, Steven and Yang, Lusann and Li, Li and Kohlhoff, Kai and Riley, Patrick},
  journal={arXiv preprint arXiv:1802.08219},
  year={2018}
}

@article{kovacs2021linear,
  title={Linear atomic cluster expansion force fields for organic molecules: beyond rmse},
  author={Kov{\'a}cs, D{\'a}vid P{\'e}ter and Oord, Cas van der and Kucera, Jiri and Allen, Alice EA and Cole, Daniel J and Ortner, Christoph and Cs{\'a}nyi, G{\'a}bor},
  journal={Journal of chemical theory and computation},
  volume={17},
  number={12},
  pages={7696--7711},
  year={2021},
  publisher={ACS Publications}
}



@inproceedings{
klicpera2020Directional,
title={Directional Message Passing for Molecular Graphs},
author={Gasteiger, Johannes and Gro{\ss}, Janek and G{\"u}nnemann, Stephan},
booktitle={International Conference on Learning Representations},
year={2020},
}

@article{gasteiger2021gemnet,
  title={Gemnet: Universal directional graph neural networks for molecules},
  author={Gasteiger, Johannes and Becker, Florian and G{\"u}nnemann, Stephan},
  journal={Advances in Neural Information Processing Systems},
  volume={34},
  pages={6790--6802},
  year={2021}
}

@article{batzner20223,
  title={E (3)-equivariant graph neural networks for data-efficient and accurate interatomic potentials},
  author={Batzner, Simon and Musaelian, Albert and Sun, Lixin and Geiger, Mario and Mailoa, Jonathan P and Kornbluth, Mordechai and Molinari, Nicola and Smidt, Tess E and Kozinsky, Boris},
  journal={Nature communications},
  volume={13},
  number={1},
  pages={1--11},
  year={2022},
  publisher={Nature Publishing Group}
}

@article{musaelian2022learning,
  title={Learning Local Equivariant Representations for Large-Scale Atomistic Dynamics},
  author={Musaelian, Albert and Batzner, Simon and Johansson, Anders and Sun, Lixin and Owen, Cameron J and Kornbluth, Mordechai and Kozinsky, Boris},
  journal={arXiv preprint arXiv:2204.05249},
  year={2022}
}

@article{batatia2022design,
  title={The Design Space of E (3)-Equivariant Atom-Centered Interatomic Potentials},
  author={Batatia, Ilyes and Batzner, Simon and Kov{\'a}cs, D{\'a}vid P{\'e}ter and Musaelian, Albert and Simm, Gregor NC and Drautz, Ralf and Ortner, Christoph and Kozinsky, Boris and Cs{\'a}nyi, G{\'a}bor},
  journal={arXiv preprint arXiv:2205.06643},
  year={2022}
}

@article{unke2021spookynet,
  title={SpookyNet: Learning force fields with electronic degrees of freedom and nonlocal effects},
  author={Unke, Oliver T and Chmiela, Stefan and Gastegger, Michael and Sch{\"u}tt, Kristof T and Sauceda, Huziel E and M{\"u}ller, Klaus-Robert},
  journal={Nature communications},
  volume={12},
  number={1},
  pages={1--14},
  year={2021},
  publisher={Nature Publishing Group}
}


@article{park2021accurate,
  title={Accurate and scalable graph neural network force field and molecular dynamics with direct force architecture},
  author={Park, Cheol Woo and Kornbluth, Mordechai and Vandermause, Jonathan and Wolverton, Chris and Kozinsky, Boris and Mailoa, Jonathan P},
  journal={npj Computational Materials},
  volume={7},
  number={1},
  pages={1--9},
  year={2021},
  publisher={Nature Publishing Group}
}


@inproceedings{schutt2021equivariant,
  title={Equivariant message passing for the prediction of tensorial properties and molecular spectra},
  author={Sch{\"u}tt, Kristof and Unke, Oliver and Gastegger, Michael},
  booktitle={International Conference on Machine Learning},
  pages={9377--9388},
  year={2021},
  organization={PMLR}
}

@inproceedings{tholke2021equivariant,
  title={Equivariant transformers for neural network based molecular potentials},
  author={Th{\"o}lke, Philipp and De Fabritiis, Gianni},
  booktitle={International Conference on Learning Representations},
  year={2021}
}

@article{khorshidi2016amp,
  title={Amp: A modular approach to machine learning in atomistic simulations},
  author={Khorshidi, Alireza and Peterson, Andrew A},
  journal={Computer Physics Communications},
  volume={207},
  pages={310--324},
  year={2016},
  publisher={Elsevier}
}

@article{takamoto2022towards,
  title={Towards universal neural network potential for material discovery applicable to arbitrary combination of 45 elements},
  author={Takamoto, So and Shinagawa, Chikashi and Motoki, Daisuke and Nakago, Kosuke and Li, Wenwen and Kurata, Iori and Watanabe, Taku and Yayama, Yoshihiro and Iriguchi, Hiroki and Asano, Yusuke and others},
  journal={Nature Communications},
  volume={13},
  number={1},
  pages={1--11},
  year={2022},
  publisher={Nature Publishing Group}
}

@inproceedings{gilmer2017neural,
  title={Neural message passing for quantum chemistry},
  author={Gilmer, Justin and Schoenholz, Samuel S and Riley, Patrick F and Vinyals, Oriol and Dahl, George E},
  booktitle={International conference on machine learning},
  pages={1263--1272},
  year={2017},
  organization={PMLR}
}


@inproceedings{liu2021spherical,
  title={Spherical message passing for 3d molecular graphs},
  author={Liu, Yi and Wang, Limei and Liu, Meng and Lin, Yuchao and Zhang, Xuan and Oztekin, Bora and Ji, Shuiwang},
  booktitle={International Conference on Learning Representations},
  year={2021}
}

@article{chen2022universal,
  title={A universal graph deep learning interatomic potential for the periodic table},
  author={Chen, Chi and Ong, Shyue Ping},
  journal={Nature Computational Science},
  volume={2},
  number={11},
  pages={718--728},
  year={2022},
  publisher={Nature Publishing Group US New York}
}

@article{inizan2023scalable,
  title={Scalable hybrid deep neural networks/polarizable potentials biomolecular simulations including long-range effects},
  author={Inizan, Th{\'e}o Jaffrelot and Pl{\'e}, Thomas and Adjoua, Olivier and Ren, Pengyu and G{\"o}kcan, Hatice and Isayev, Olexandr and Lagard{\`e}re, Louis and Piquemal, Jean-Philip},
  journal={Chemical Science},
  volume={14},
  number={20},
  pages={5438--5452},
  year={2023},
  publisher={Royal Society of Chemistry}
}

@article{fu2023forces,
title={Forces are not Enough: Benchmark and Critical Evaluation for Machine Learning Force Fields with Molecular Simulations},
author={Xiang Fu and Zhenghao Wu and Wujie Wang and Tian Xie and Sinan Keten and Rafael Gomez-Bombarelli and Tommi S. Jaakkola},
journal={Transactions on Machine Learning Research},
issn={2835-8856},
year={2023},
url={https://openreview.net/forum?id=A8pqQipwkt},
note={Survey Certification}
}

@article{lot2020panna,
  title={PANNA: Properties from artificial neural network architectures},
  author={Lot, Ruggero and Pellegrini, Franco and Shaidu, Yusuf and K{\"u}{\c{c}}{\"u}kbenli, Emine},
  journal={Computer Physics Communications},
  volume={256},
  pages={107402},
  year={2020},
  publisher={Elsevier}
}

@article{doerr2021torchmd,
  title={TorchMD: A deep learning framework for molecular simulations},
  author={Doerr, Stefan and Majewski, Maciej and P{\'e}rez, Adri{\`a} and Kramer, Andreas and Clementi, Cecilia and Noe, Frank and Giorgino, Toni and De Fabritiis, Gianni},
  journal={Journal of chemical theory and computation},
  volume={17},
  number={4},
  pages={2355--2363},
  year={2021},
  publisher={ACS Publications}
}

@article{tholke2022torchmd,
  title={Torchmd-net: equivariant transformers for neural network based molecular potentials},
  author={Th{\"o}lke, Philipp and De Fabritiis, Gianni},
  journal={arXiv preprint arXiv:2202.02541},
  year={2022}
}

@article{zubatyuk2019accurate,
  title={Accurate and transferable multitask prediction of chemical properties with an atoms-in-molecules neural network},
  author={Zubatyuk, Roman and Smith, Justin S and Leszczynski, Jerzy and Isayev, Olexandr},
  journal={Science advances},
  volume={5},
  number={8},
  pages={eaav6490},
  year={2019},
  publisher={American Association for the Advancement of Science}
}

@article{schoenholz2020jax,
  title={Jax md: a framework for differentiable physics},
  author={Schoenholz, Samuel and Cubuk, Ekin Dogus},
  journal={Advances in Neural Information Processing Systems},
  volume={33},
  pages={11428--11441},
  year={2020}
}

@misc{musaelian2023scaling,
      title={Scaling the leading accuracy of deep equivariant models to biomolecular simulations of realistic size}, 
      author={Albert Musaelian and Anders Johansson and Simon Batzner and Boris Kozinsky},
      year={2023},
      eprint={2304.10061},
      archivePrefix={arXiv},
      primaryClass={physics.comp-ph}
}

@inproceedings{ibayashi2023allegro,
  title={Allegro-Legato: Scalable, Fast, and Robust Neural-Network Quantum Molecular Dynamics via Sharpness-Aware Minimization},
  author={Ibayashi, Hikaru and Razakh, Taufeq Mohammed and Yang, Liqiu and Linker, Thomas and Olguin, Marco and Hattori, Shinnosuke and Luo, Ye and Kalia, Rajiv K and Nakano, Aiichiro and Nomura, Ken-ichi and others},
  booktitle={International Conference on High Performance Computing},
  pages={223--239},
  year={2023},
  organization={Springer}
}


@article{chen2019graph,
  title={Graph networks as a universal machine learning framework for molecules and crystals},
  author={Chen, Chi and Ye, Weike and Zuo, Yunxing and Zheng, Chen and Ong, Shyue Ping},
  journal={Chemistry of Materials},
  volume={31},
  number={9},
  pages={3564--3572},
  year={2019},
  publisher={ACS Publications}
}


################
## END ML FFS ##
################


@article{kale1999namd2,
  title={NAMD2: greater scalability for parallel molecular dynamics},
  author={Kal{\'e}, Laxmikant and Skeel, Robert and Bhandarkar, Milind and Brunner, Robert and Gursoy, Attila and Krawetz, Neal and Phillips, James and Shinozaki, Aritomo and Varadarajan, Krishnan and Schulten, Klaus},
  journal={Journal of Computational Physics},
  volume={151},
  number={1},
  pages={283--312},
  year={1999},
  publisher={Elsevier}
}

@Article{thompson2022lammps,
  author = "A. P. Thompson and H. M. Aktulga and R. Berger and 
     D. S. Bolintineanu and W. M. Brown and P. S. Crozier and
     P. J. in 't Veld and A. Kohlmeyer and S. G. Moore and T. D. Nguyen and
     R. Shan and M. J. Stevens and J. Tranchida and C. Trott and S. J. Plimpton",
  title = "{LAMMPS} - a flexible simulation tool for
     particle-based materials modeling at the 
     atomic, meso, and continuum scales",
  journal = "Comp. Phys. Comm.",
  volume =  "271",
  pages =   "108171",
  year =    "2022",
  doi = "10.1016/j.cpc.2021.108171"
} 

@inproceedings{bowers2006scalable,
  title={Scalable algorithms for molecular dynamics simulations on commodity clusters},
  author={Bowers, Kevin J and Chow, Edmond and Xu, Huafeng and Dror, Ron O and Eastwood, Michael P and Gregersen, Brent A and Klepeis, John L and Kolossvary, Istvan and Moraes, Mark A and Sacerdoti, Federico D and others},
  booktitle={Proceedings of the 2006 ACM/IEEE Conference on Supercomputing},
  pages={84--es},
  year={2006}
}

@book{case2021amber,
  title={Amber 2021},
  author={Case, David A and Aktulga, H Metin and Belfon, Kellon and Ben-Shalom, Ido and Brozell, Scott R and Cerutti, David S and Cheatham III, Thomas E and Cruzeiro, Vin{\'\i}cius Wilian D and Darden, Tom A and Duke, Robert E and others},
  year={2021},
  publisher={University of California, San Francisco}
}

@article{zhang2023adding,
  title={Adding conditional control to text-to-image diffusion models},
  author={Zhang, Lvmin and Agrawala, Maneesh},
  journal={arXiv preprint arXiv:2302.05543},
  year={2023}
}

@article{liberatore2018versatile,
  title={A versatile multiple time step scheme for efficient ab initio molecular dynamics simulations},
  author={Liberatore, Elisa and Meli, Rocco and Rothlisberger, Ursula},
  journal={Journal of chemical theory and computation},
  volume={14},
  number={6},
  pages={2834--2842},
  year={2018},
  publisher={ACS Publications}
}


@article{cheng2019ab,
  title={Ab initio thermodynamics of liquid and solid water},
  author={Cheng, Bingqing and Engel, Edgar A and Behler, J{\"o}rg and Dellago, Christoph and Ceriotti, Michele},
  journal={Proceedings of the National Academy of Sciences},
  volume={116},
  number={4},
  pages={1110--1115},
  year={2019},
  publisher={National Acad Sciences}
}

@inproceedings{plimpton1997particle,
  title={Particle-Mesh Ewald and rRESPA for Parallel Molecular Dynamics Simulations.},
  author={Plimpton, Steve},
  booktitle={PPSC},
  organization={Citeseer},
  year={1997},
}

@misc{mark2023gromacs,
  author       = {Mark Abraham and
                  Andrey Alekseenko and
                  Cathrine Bergh and
                  Christian Blau and
                  Eliane Briand and
                  Mahesh Doijade and
                  Stefan Fleischmann and
                  Vytautas Gapsys and
                  Gaurav Garg and
                  Sergey Gorelov and
                  Gilles Gouaillardet and
                  Alan Gray and
                  M. Eric Irrgang and
                  Farzaneh Jalalypour and
                  Joe Jordan and
                  Christoph Junghans and
                  Prashanth Kanduri and
                  Sebastian Keller and
                  Carsten Kutzner and
                  Justin A. Lemkul and
                  Magnus Lundborg and
                  Pascal Merz and
                  Vedran Miletić and
                  Dmitry Morozov and
                  Szilárd Páll and
                  Roland Schulz and
                  Michael Shirts and
                  Alexey Shvetsov and
                  Bálint Soproni and
                  David van der Spoel and
                  Philip Turner and
                  Carsten Uphoff and
                  Alessandra Villa and
                  Sebastian Wingbermühle and
                  Artem Zhmurov and
                  Paul Bauer and
                  Berk Hess and
                  Erik Lindahl},
  title        = {GROMACS 2023.2 Manual},
  month        = jul,
  year         = 2023,
  publisher    = {Zenodo},
  version      = {2023.2},
  doi          = {10.5281/zenodo.8134388},
  url          = {https://doi.org/10.5281/zenodo.8134388}
}

@article{kosmala2023ewald,
  title={Ewald-based Long-Range Message Passing for Molecular Graphs},
  author={Kosmala, Arthur and Gasteiger, Johannes and Gao, Nicholas and G{\"u}nnemann, Stephan},
  journal={arXiv preprint arXiv:2303.04791},
  year={2023}
}

@article{halgren1996merck,
  title={Merck molecular force field. I. Basis, form, scope, parameterization, and performance of MMFF94},
  author={Halgren, Thomas A},
  journal={Journal of computational chemistry},
  volume={17},
  number={5-6},
  pages={490--519},
  year={1996},
  publisher={Wiley Online Library}
}

@book{frenkel2001understanding,
  title={Understanding molecular simulation: from algorithms to applications},
  author={Frenkel, Daan and Smit, Berend},
  volume={1},
  year={2001},
  publisher={Elsevier}
}

@article{batatia2025design,
  title={The design space of E (3)-equivariant atom-centred interatomic potentials},
  author={Batatia, Ilyes and Batzner, Simon and Kov{\'a}cs, D{\'a}vid P{\'e}ter and Musaelian, Albert and Simm, Gregor NC and Drautz, Ralf and Ortner, Christoph and Kozinsky, Boris and Cs{\'a}nyi, G{\'a}bor},
  journal={Nature Machine Intelligence},
  pages={1--12},
  year={2025},
  publisher={Nature Publishing Group UK London}
}

@article{luo2024enabling,
  title={Enabling Efficient Equivariant Operations in the Fourier Basis via Gaunt Tensor Products},
  author={Luo, Shengjie and Chen, Tianlang and Krishnapriyan, Aditi S},
  journal={arXiv preprint arXiv:2401.10216},
  year={2024}
}

@article{hu2021forcenet,
  title={Forcenet: A graph neural network for large-scale quantum calculations},
  author={Hu, Weihua and Shuaibi, Muhammed and Das, Abhishek and Goyal, Siddharth and Sriram, Anuroop and Leskovec, Jure and Parikh, Devi and Zitnick, C Lawrence},
  journal={arXiv preprint arXiv:2103.01436},
  year={2021}
}

@article{lan2023adsorbml,
  title={AdsorbML: a leap in efficiency for adsorption energy calculations using generalizable machine learning potentials},
  author={Lan, Janice and Palizhati, Aini and Shuaibi, Muhammed and Wood, Brandon M and Wander, Brook and Das, Abhishek and Uyttendaele, Matt and Zitnick, C Lawrence and Ulissi, Zachary W},
  journal={npj Computational Materials},
  volume={9},
  number={1},
  pages={172},
  year={2023},
  publisher={Nature Publishing Group UK London}
}

@article{batatia2023foundation,
  title={A foundation model for atomistic materials chemistry},
  author={Batatia, Ilyes and Benner, Philipp and Chiang, Yuan and Elena, Alin M and Kov{\'a}cs, D{\'a}vid P and Riebesell, Janosh and Advincula, Xavier R and Asta, Mark and Avaylon, Matthew and Baldwin, William J and others},
  journal={arXiv preprint arXiv:2401.00096},
  year={2023}
}

@article{wander2024cattsunami,
  title={CatTSunami: Accelerating Transition State Energy Calculations with Pre-trained Graph Neural Networks},
  author={Wander, Brook and Shuaibi, Muhammed and Kitchin, John R and Ulissi, Zachary W and Zitnick, C Lawrence},
  journal={arXiv preprint arXiv:2405.02078},
  year={2024}
}

@article{wines2024chips,
  title={CHIPS-FF: Evaluating Universal Machine Learning Force Fields for Material Properties},
  author={Wines, Daniel and Choudhary, Kamal},
  journal={arXiv preprint arXiv:2412.10516},
  year={2024}
}

@article{moore2024computing,
  title={Computing hydration free energies of small molecules with first principles accuracy},
  author={Moore, J Harry and Cole, Daniel J and Csanyi, Gabor},
  journal={arXiv preprint arXiv:2405.18171},
  year={2024}
}

@article{wang2020differentiable,
  title={Differentiable molecular simulations for control and learning},
  author={Wang, Wujie and Axelrod, Simon and G{\'o}mez-Bombarelli, Rafael},
  journal={arXiv preprint arXiv:2003.00868},
  year={2020}
}

@article{rocken2024predicting,
  title={Predicting solvation free energies with an implicit solvent machine learning potential},
  author={R{\"o}cken, Sebastien and Burnet, Anton F and Zavadlav, Julija},
  journal={arXiv preprint arXiv:2406.00183},
  year={2024}
}

@article{greener2024differentiable,
  title={Differentiable simulation to develop molecular dynamics force fields for disordered proteins},
  author={Greener, Joe G},
  journal={Chemical Science},
  volume={15},
  number={13},
  pages={4897--4909},
  year={2024},
  publisher={Royal Society of Chemistry}
}

@article{fang2024phonon,
  title={Phonon predictions with E (3)-equivariant graph neural networks},
  author={Fang, Shiang and Geiger, Mario and Checkelsky, Joseph G and Smidt, Tess},
  journal={arXiv preprint arXiv:2403.11347},
  year={2024}
}

@article{williams2025hessian,
  title={Hessian QM9: A quantum chemistry database of molecular Hessians in implicit solvents},
  author={Williams, Nicholas J and Kabalan, Lara and Stojanovic, Ljiljana and Z{\'o}lyomi, Viktor and Pyzer-Knapp, Edward O},
  journal={Scientific Data},
  volume={12},
  number={1},
  pages={9},
  year={2025},
  publisher={Nature Publishing Group UK London}
}

@article{langer2024probing,
  title={Probing the effects of broken symmetries in machine learning},
  author={Langer, Marcel F and Pozdnyakov, Sergey N and Ceriotti, Michele},
  journal={Machine Learning: Science and Technology},
  volume={5},
  number={4},
  pages={04LT01},
  year={2024},
  publisher={IOP Publishing}
}

@article{brehmer2024does,
  title={Does equivariance matter at scale?},
  author={Brehmer, Johann and Behrends, S{\"o}nke and de Haan, Pim and Cohen, Taco},
  journal={arXiv preprint arXiv:2410.23179},
  year={2024}
}

@article{amin2025towards,
  title={Towards Fast, Specialized Machine Learning Force Fields: Distilling Foundation Models via Energy Hessians},
  author={Amin, Ishan and Raja, Sanjeev and Krishnapriyan, Aditi},
  journal={arXiv preprint arXiv:2501.09009},
  year={2025}
}

@article{raja2024stability,
  title={Stability-Aware Training of Neural Network Interatomic Potentials with Differentiable Boltzmann Estimators},
  author={Raja, Sanjeev and Amin, Ishan and Pedregosa, Fabian and Krishnapriyan, Aditi S},
  journal={arXiv preprint arXiv:2402.13984},
  year={2024}
}

@article{anstine2023machine,
  title={Machine learning interatomic potentials and long-range physics},
  author={Anstine, Dylan M and Isayev, Olexandr},
  journal={The Journal of Physical Chemistry A},
  volume={127},
  number={11},
  pages={2417--2431},
  year={2023},
  publisher={ACS Publications}
}

@misc{jain2013materials,
  title={The materials project: a materials genome approach to accelerating materials innovation. APL Mater 1: 011002},
  author={Jain, A and Ong, SP and Hautier, G and Chen, W and Richards, WD and Dacek, S and Cholia, S and Gunter, D and Skinner, D and Ceder, G and others},
  year={2013}
}

@article{schmidt2024improving,
  title={Improving machine-learning models in materials science through large datasets},
  author={Schmidt, Jonathan and Cerqueira, Tiago FT and Romero, Aldo H and Loew, Antoine and J{\"a}ger, Fabian and Wang, Hai-Chen and Botti, Silvana and Marques, Miguel AL},
  journal={Materials Today Physics},
  volume={48},
  pages={101560},
  year={2024},
  publisher={Elsevier}
}

@article{ase,
  author={Ask Hjorth Larsen and Jens Jørgen Mortensen and Jakob Blomqvist and Ivano E Castelli and Rune Christensen and Marcin
Dułak and Jesper Friis and Michael N Groves and Bjørk Hammer and Cory Hargus and Eric D Hermes and Paul C Jennings and Peter
Bjerre Jensen and James Kermode and John R Kitchin and Esben Leonhard Kolsbjerg and Joseph Kubal and Kristen
Kaasbjerg and Steen Lysgaard and Jón Bergmann Maronsson and Tristan Maxson and Thomas Olsen and Lars Pastewka and Andrew
Peterson and Carsten Rostgaard and Jakob Schiøtz and Ole Schütt and Mikkel Strange and Kristian S Thygesen and Tejs
Vegge and Lasse Vilhelmsen and Michael Walter and Zhenhua Zeng and Karsten W Jacobsen},
  title={The atomic simulation environment—a Python library for working with atoms},
  journal={Journal of Physics: Condensed Matter},
  volume={29},
  number={27},
  pages={273002},
  url={http://stacks.iop.org/0953-8984/29/i=27/a=273002},
  year={2017},
  abstract={The atomic simulation environment (ASE) is a software package written in the Python programming language with the aim of setting up, steering, and analyzing atomistic simulations. In ASE, tasks are fully scripted in Python. The powerful syntax of Python combined with the NumPy array library make it possible to perform very complex simulation tasks. For example, a sequence of calculations may be performed with the use of a simple ‘for-loop’ construction. Calculations of energy, forces, stresses and other quantities are performed through interfaces to many external electronic structure codes or force fields using a uniform interface. On top of this calculator interface, ASE provides modules for performing many standard simulation tasks such as structure optimization, molecular dynamics, handling of constraints and performing nudged elastic band calculations.}
}

@article{paszke2019pytorch,
  title={Pytorch: An imperative style, high-performance deep learning library},
  author={Paszke, Adam and Gross, Sam and Massa, Francisco and Lerer, Adam and Bradbury, James and Chanan, Gregory and Killeen, Trevor and Lin, Zeming and Gimelshein, Natalia and Antiga, Luca and others},
  journal={Advances in neural information processing systems},
  volume={32},
  year={2019}
}

@article{nickolls2008scalable,
  title={Scalable parallel programming with cuda: Is cuda the parallel programming model that application developers have been waiting for?},
  author={Nickolls, John and Buck, Ian and Garland, Michael and Skadron, Kevin},
  journal={Queue},
  volume={6},
  number={2},
  pages={40--53},
  year={2008},
  publisher={ACM New York, NY, USA}
}