@article{braekers2016vehicle,
  title={The vehicle routing problem: State of the art classification and review},
  author={Braekers, Kris and Ramaekers, Katrien and Van Nieuwenhuyse, Inneke},
  journal={Computers \& industrial engineering},
  volume={99},
  pages={300--313},
  year={2016},
  publisher={Elsevier}
}

@inproceedings{erdem2013general,
  title={A general formal framework for pathfinding problems with multiple agents},
  author={Erdem, Esra and Kisa, Doga and Oztok, Umut and Sch{\"u}ller, Peter},
  booktitle={Proceedings of the AAAI Conference on Artificial Intelligence},
  volume={27},
  number={1},
  pages={290--296},
  year={2013}
}

@inproceedings{honig2018conflict,
  title={Conflict-Based Search with Optimal Task Assignment},
  author={H{\"o}nig, Wolfgang and Kiesel, Scott and Tinka, Andrew and Durham, Joseph W and Ayanian, Nora},
  booktitle={Proceedings of the 17th International Conference on Autonomous Agents and MultiAgent Systems},
  pages={757--765},
  year={2018}
}

@inproceedings{ijcai2024p0028,
  title     = {MGCBS: An Optimal and Efficient Algorithm for Solving Multi-Goal Multi-Agent Path Finding Problem},
  author    = {Tang, Mingkai and Li, Yuanhang and Liu, Hongji and Chen, Yingbing and Liu, Ming and Wang, Lujia},
  booktitle = {Proceedings of the Thirty-Third International Joint Conference on
               Artificial Intelligence, {IJCAI-24}},
  publisher = {International Joint Conferences on Artificial Intelligence Organization},
  editor    = {Kate Larson},
  pages     = {249--256},
  year      = {2024},
  month     = {8},
  note      = {Main Track},
  doi       = {10.24963/ijcai.2024/28},
  url       = {https://doi.org/10.24963/ijcai.2024/28},
}

@article{jain1999deterministic,
  title={Deterministic job-shop scheduling: Past, present and future},
  author={Jain, Anant Singh and Meeran, Sheik},
  journal={European journal of operational research},
  volume={113},
  number={2},
  pages={390--434},
  year={1999},
  publisher={Elsevier}
}

@article{kuhn1955hungarian,
  title={The Hungarian method for the assignment problem},
  author={Kuhn, HW},
  journal={Naval Research Logistics Quarterly},
  volume={2},
  number={1-2},
  pages={83--97},
  year={1955},
  publisher={John Wiley \& Sons}
}

@inproceedings{li2021eecbs,
  title={Eecbs: A bounded-suboptimal search for multi-agent path finding},
  author={Li, Jiaoyang and Ruml, Wheeler and Koenig, Sven},
  booktitle={Proceedings of the AAAI conference on artificial intelligence},
  volume={35},
  number={14},
  pages={12353--12362},
  year={2021}
}

@inproceedings{li2021lifelong,
  title={Lifelong multi-agent path finding in large-scale warehouses},
  author={Li, Jiaoyang and Tinka, Andrew and Kiesel, Scott and Durham, Joseph W and Kumar, TK Satish and Koenig, Sven},
  booktitle={Proceedings of the AAAI Conference on Artificial Intelligence},
  volume={35},
  number={13},
  pages={11272--11281},
  year={2021}
}

@inproceedings{ma2016optimal,
  title={Optimal Target Assignment and Path Finding for Teams of Agents},
  author={Ma, Hang and Koenig, Sven},
  booktitle={Proceedings of the 2016 International Conference on Autonomous Agents \& Multiagent Systems},
  pages={1144--1152},
  year={2016}
}

@inproceedings{ma2017lifelong,
  title={Lifelong Multi-Agent Path Finding for Online Pickup and Delivery Tasks},
  author={Ma, Hang and Li, Jiaoyang and Kumar, TK Satish and Koenig, Sven},
  booktitle={Proceedings of the 16th Conference on Autonomous Agents and MultiAgent Systems},
  pages={837--845},
  year={2017}
}

@inproceedings{ma2019searching,
  title={Searching with consistent prioritization for multi-agent path finding},
  author={Ma, Hang and Harabor, Daniel and Stuckey, Peter J and Li, Jiaoyang and Koenig, Sven},
  booktitle={Proceedings of the AAAI conference on artificial intelligence},
  volume={33},
  number={01},
  pages={7643--7650},
  year={2019}
}

@article{manne1960job,
  title={On the job-shop scheduling problem},
  author={Manne, Alan S},
  journal={Operations research},
  volume={8},
  number={2},
  pages={219--223},
  year={1960},
  publisher={INFORMS}
}

@article{okumura2022priority,
  title={Priority inheritance with backtracking for iterative multi-agent path finding},
  author={Okumura, Keisuke and Machida, Manao and D{\'e}fago, Xavier and Tamura, Yasumasa},
  journal={Artificial Intelligence},
  volume={310},
  pages={103752},
  year={2022},
  publisher={Elsevier}
}

@inproceedings{okumura2023lacam,
  title={Lacam: Search-based algorithm for quick multi-agent pathfinding},
  author={Okumura, Keisuke},
  booktitle={Proceedings of the AAAI Conference on Artificial Intelligence},
  volume={37},
  number={10},
  pages={11655--11662},
  year={2023}
}

@article{okumura2023solving,
  title={Solving simultaneous target assignment and path planning efficiently with time-independent execution},
  author={Okumura, Keisuke and D{\'e}fago, Xavier},
  journal={Artificial Intelligence},
  volume={321},
  pages={103946},
  year={2023},
  publisher={Elsevier}
}

@article{sharon2015conflict,
  title={Conflict-based search for optimal multi-agent pathfinding},
  author={Sharon, Guni and Stern, Roni and Felner, Ariel and Sturtevant, Nathan R},
  journal={Artificial intelligence},
  volume={219},
  pages={40--66},
  year={2015},
  publisher={Elsevier}
}

@inproceedings{silver2005cooperative,
  title={Cooperative pathfinding},
  author={Silver, David},
  booktitle={Proceedings of the aaai conference on artificial intelligence and interactive digital entertainment},
  volume={1},
  number={1},
  pages={117--122},
  year={2005}
}

@inproceedings{stern2019multi,
  title={Multi-agent pathfinding: Definitions, variants, and benchmarks},
  author={Stern, Roni and Sturtevant, Nathan and Felner, Ariel and Koenig, Sven and Ma, Hang and Walker, Thayne and Li, Jiaoyang and Atzmon, Dor and Cohen, Liron and Kumar, TK and others},
  booktitle={Proceedings of the International Symposium on Combinatorial Search},
  volume={10},
  number={1},
  pages={151--158},
  year={2019}
}

@inproceedings{surynek2021multi,
  title={Multi-goal multi-agent path finding via decoupled and integrated goal vertex ordering},
  author={Surynek, Pavel},
  booktitle={Proceedings of the AAAI Conference on Artificial Intelligence},
  volume={35},
  number={14},
  pages={12409--12417},
  year={2021}
}

@inproceedings{tang2023solving,
  title={Solving multi-agent target assignment and path finding with a single constraint tree},
  author={Tang, Yimin and Ren, Zhongqiang and Li, Jiaoyang and Sycara, Katia},
  booktitle={2023 International Symposium on Multi-Robot and Multi-Agent Systems (MRS)},
  pages={8--14},
  year={2023},
  organization={IEEE}
}

@book{toth2014vehicle,
  title={Vehicle routing: problems, methods, and applications},
  author={Toth, Paolo and Vigo, Daniele},
  year={2014},
  publisher={SIAM}
}

@inproceedings{vsvancara2019online,
  title={Online multi-agent pathfinding},
  author={{\v{S}}vancara, Ji{\v{r}}{\'\i} and Vlk, Marek and Stern, Roni and Atzmon, Dor and Bart{\'a}k, Roman},
  booktitle={Proceedings of the AAAI conference on artificial intelligence},
  volume={33},
  number={01},
  pages={7732--7739},
  year={2019}
}

@inproceedings{xu2022multi,
  title={Multi-goal multi-agent pickup and delivery},
  author={Xu, Qinghong and Li, Jiaoyang and Koenig, Sven and Ma, Hang},
  booktitle={2022 IEEE/RSJ International Conference on Intelligent Robots and Systems (IROS)},
  pages={9964--9971},
  year={2022},
  organization={IEEE}
}

@inproceedings{yu2013multi,
  title={Multi-agent path planning and network flow},
  author={Yu, Jingjin and LaValle, Steven M},
  booktitle={Algorithmic Foundations of Robotics X: Proceedings of the Tenth Workshop on the Algorithmic Foundations of Robotics},
  pages={157--173},
  year={2013},
  organization={Springer}
}

@inproceedings{yu2013structure,
  title={Structure and intractability of optimal multi-robot path planning on graphs},
  author={Yu, Jingjin and LaValle, Steven},
  booktitle={Proceedings of the AAAI Conference on Artificial Intelligence},
  volume={27},
  number={1},
  pages={1443--1449},
  year={2013}
}

