%%%%%%
% MAPF
%%%%%%

% CAstar
@inproceedings{silver2005cooperative,
  title={Cooperative pathfinding},
  author={Silver, David},
  booktitle={Proceedings of the aaai conference on artificial intelligence and interactive digital entertainment},
  volume={1},
  number={1},
  pages={117--122},
  year={2005}
}

% np-hardness
@inproceedings{yu2013structure,
  title={Structure and intractability of optimal multi-robot path planning on graphs},
  author={Yu, Jingjin and LaValle, Steven},
  booktitle={Proceedings of the AAAI Conference on Artificial Intelligence},
  volume={27},
  number={1},
  pages={1443--1449},
  year={2013}
}

% definition and benchmarking
@inproceedings{stern2019multi,
  title={Multi-agent pathfinding: Definitions, variants, and benchmarks},
  author={Stern, Roni and Sturtevant, Nathan and Felner, Ariel and Koenig, Sven and Ma, Hang and Walker, Thayne and Li, Jiaoyang and Atzmon, Dor and Cohen, Liron and Kumar, TK and others},
  booktitle={Proceedings of the International Symposium on Combinatorial Search},
  volume={10},
  number={1},
  pages={151--158},
  year={2019}
}

% asp for mapf
@inproceedings{erdem2013general,
  title={A general formal framework for pathfinding problems with multiple agents},
  author={Erdem, Esra and Kisa, Doga and Oztok, Umut and Sch{\"u}ller, Peter},
  booktitle={Proceedings of the AAAI Conference on Artificial Intelligence},
  volume={27},
  number={1},
  pages={290--296},
  year={2013}
}

% cbs
@article{sharon2015conflict,
  title={Conflict-based search for optimal multi-agent pathfinding},
  author={Sharon, Guni and Stern, Roni and Felner, Ariel and Sturtevant, Nathan R},
  journal={Artificial intelligence},
  volume={219},
  pages={40--66},
  year={2015},
  publisher={Elsevier}
}

% eecbs
@inproceedings{li2021eecbs,
  title={Eecbs: A bounded-suboptimal search for multi-agent path finding},
  author={Li, Jiaoyang and Ruml, Wheeler and Koenig, Sven},
  booktitle={Proceedings of the AAAI conference on artificial intelligence},
  volume={35},
  number={14},
  pages={12353--12362},
  year={2021}
}

% pbs
@inproceedings{ma2019searching,
  title={Searching with consistent prioritization for multi-agent path finding},
  author={Ma, Hang and Harabor, Daniel and Stuckey, Peter J and Li, Jiaoyang and Koenig, Sven},
  booktitle={Proceedings of the AAAI conference on artificial intelligence},
  volume={33},
  number={01},
  pages={7643--7650},
  year={2019}
}

% pibt
@article{okumura2022priority,
  title={Priority inheritance with backtracking for iterative multi-agent path finding},
  author={Okumura, Keisuke and Machida, Manao and D{\'e}fago, Xavier and Tamura, Yasumasa},
  journal={Artificial Intelligence},
  volume={310},
  pages={103752},
  year={2022},
  publisher={Elsevier}
}

% lacam
@inproceedings{okumura2023lacam,
  title={Lacam: Search-based algorithm for quick multi-agent pathfinding},
  author={Okumura, Keisuke},
  booktitle={Proceedings of the AAAI Conference on Artificial Intelligence},
  volume={37},
  number={10},
  pages={11655--11662},
  year={2023}
}

% mapf-post
@inproceedings{honig2016multi,
  title={Multi-agent path finding with kinematic constraints},
  author={H{\"o}nig, Wolfgang and Kumar, TK and Cohen, Liron and Ma, Hang and Xu, Hong and Ayanian, Nora and Koenig, Sven},
  booktitle={Proceedings of the International Conference on Automated Planning and Scheduling},
  volume={26},
  pages={477--485},
  year={2016}
}

@article{sartoretti2019primal,
  title={Primal: Pathfinding via reinforcement and imitation multi-agent learning},
  author={Sartoretti, Guillaume and Kerr, Justin and Shi, Yunfei and Wagner, Glenn and Kumar, TK Satish and Koenig, Sven and Choset, Howie},
  journal={IEEE Robotics and Automation Letters},
  volume={4},
  number={3},
  pages={2378--2385},
  year={2019},
  publisher={IEEE}
}


%%%%%%
% MAPD
%%%%%%

% mapd first proposed
@inproceedings{ma2017lifelong,
  title={Lifelong Multi-Agent Path Finding for Online Pickup and Delivery Tasks},
  author={Ma, Hang and Li, Jiaoyang and Kumar, TK Satish and Koenig, Sven},
  booktitle={Proceedings of the 16th Conference on Autonomous Agents and MultiAgent Systems},
  pages={837--845},
  year={2017}
}

% robust execution; spinning robots
@article{honig2019persistent,
  title={Persistent and robust execution of MAPF schedules in warehouses},
  author={H{\"o}nig, Wolfgang and Kiesel, Scott and Tinka, Andrew and Durham, Joseph W and Ayanian, Nora},
  journal={IEEE Robotics and Automation Letters},
  volume={4},
  number={2},
  pages={1125--1131},
  year={2019},
  publisher={IEEE}
}

% online mapf
@inproceedings{vsvancara2019online,
  title={Online multi-agent pathfinding},
  author={{\v{S}}vancara, Ji{\v{r}}{\'\i} and Vlk, Marek and Stern, Roni and Atzmon, Dor and Bart{\'a}k, Roman},
  booktitle={Proceedings of the AAAI conference on artificial intelligence},
  volume={33},
  number={01},
  pages={7732--7739},
  year={2019}
}

% RHCR
@inproceedings{li2021lifelong,
  title={Lifelong multi-agent path finding in large-scale warehouses},
  author={Li, Jiaoyang and Tinka, Andrew and Kiesel, Scott and Durham, Joseph W and Kumar, TK Satish and Koenig, Sven},
  booktitle={Proceedings of the AAAI Conference on Artificial Intelligence},
  volume={35},
  number={13},
  pages={11272--11281},
  year={2021}
}

% capacitated MAPD
@article{chen2021integrated,
  title={Integrated task assignment and path planning for capacitated multi-agent pickup and delivery},
  author={Chen, Zhe and Alonso-Mora, Javier and Bai, Xiaoshan and Harabor, Daniel D and Stuckey, Peter J},
  journal={IEEE Robotics and Automation Letters},
  volume={6},
  number={3},
  pages={5816--5823},
  year={2021},
  publisher={IEEE}
}

% rl
@article{damani2021primal,
  title={PRIMAL $ \_2 $: Pathfinding via reinforcement and imitation multi-agent learning-lifelong},
  author={Damani, Mehul and Luo, Zhiyao and Wenzel, Emerson and Sartoretti, Guillaume},
  journal={IEEE Robotics and Automation Letters},
  volume={6},
  number={2},
  pages={2666--2673},
  year={2021},
  publisher={IEEE}
}


%%%%%%
% TAPF
%%%%%%

% assignment problem
@article{kuhn1955hungarian,
  title={The Hungarian method for the assignment problem},
  author={Kuhn, HW},
  journal={Naval Research Logistics Quarterly},
  volume={2},
  number={1-2},
  pages={83--97},
  year={1955},
  publisher={John Wiley \& Sons}
}

% anonymous mapf; unlabeled mapf
@inproceedings{yu2013multi,
  title={Multi-agent path planning and network flow},
  author={Yu, Jingjin and LaValle, Steven M},
  booktitle={Algorithmic Foundations of Robotics X: Proceedings of the Tenth Workshop on the Algorithmic Foundations of Robotics},
  pages={157--173},
  year={2013},
  organization={Springer}
}

% tapf first 
@inproceedings{ma2016optimal,
  title={Optimal Target Assignment and Path Finding for Teams of Agents},
  author={Ma, Hang and Koenig, Sven},
  booktitle={Proceedings of the 2016 International Conference on Autonomous Agents \& Multiagent Systems},
  pages={1144--1152},
  year={2016}
}

% cbs-ta
@inproceedings{honig2018conflict,
  title={Conflict-Based Search with Optimal Task Assignment},
  author={H{\"o}nig, Wolfgang and Kiesel, Scott and Tinka, Andrew and Durham, Joseph W and Ayanian, Nora},
  booktitle={Proceedings of the 17th International Conference on Autonomous Agents and MultiAgent Systems},
  pages={757--765},
  year={2018}
}

% offline mapd
@inproceedings{liu2019task,
  title={Task and path planning for multi-agent pickup and delivery},
  author={Liu, Minghua and Ma, Hang and Li, Jiaoyang and Koenig, Sven},
  booktitle={Proceedings of the International Joint Conference on Autonomous Agents and Multiagent Systems (AAMAS)},
  year={2019}
}

% tapf single CT
@inproceedings{tang2023solving,
  title={Solving multi-agent target assignment and path finding with a single constraint tree},
  author={Tang, Yimin and Ren, Zhongqiang and Li, Jiaoyang and Sycara, Katia},
  booktitle={2023 International Symposium on Multi-Robot and Multi-Agent Systems (MRS)},
  pages={8--14},
  year={2023},
  organization={IEEE}
}

% time-independent pf; allow task swap
@article{okumura2023solving,
  title={Solving simultaneous target assignment and path planning efficiently with time-independent execution},
  author={Okumura, Keisuke and D{\'e}fago, Xavier},
  journal={Artificial Intelligence},
  volume={321},
  pages={103946},
  year={2023},
  publisher={Elsevier}
}

%%%%%%%%%%%%
% Multi-Goal
%%%%%%%%%%%%

% mg-mapf first proposed
@inproceedings{surynek2021multi,
  title={Multi-goal multi-agent path finding via decoupled and integrated goal vertex ordering},
  author={Surynek, Pavel},
  booktitle={Proceedings of the AAAI Conference on Artificial Intelligence},
  volume={35},
  number={14},
  pages={12409--12417},
  year={2021}
}

% opt mg-mapf
@inproceedings{ijcai2024p0028,
  title     = {MGCBS: An Optimal and Efficient Algorithm for Solving Multi-Goal Multi-Agent Path Finding Problem},
  author    = {Tang, Mingkai and Li, Yuanhang and Liu, Hongji and Chen, Yingbing and Liu, Ming and Wang, Lujia},
  booktitle = {Proceedings of the Thirty-Third International Joint Conference on
               Artificial Intelligence, {IJCAI-24}},
  publisher = {International Joint Conferences on Artificial Intelligence Organization},
  editor    = {Kate Larson},
  pages     = {249--256},
  year      = {2024},
  month     = {8},
  note      = {Main Track},
  doi       = {10.24963/ijcai.2024/28},
  url       = {https://doi.org/10.24963/ijcai.2024/28},
}

% mg-mapd
@inproceedings{xu2022multi,
  title={Multi-goal multi-agent pickup and delivery},
  author={Xu, Qinghong and Li, Jiaoyang and Koenig, Sven and Ma, Hang},
  booktitle={2022 IEEE/RSJ International Conference on Intelligent Robots and Systems (IROS)},
  pages={9964--9971},
  year={2022},
  organization={IEEE}
}


%%%%%%%%%%%%
% OR
%%%%%%%%%%%%

% jssp
@article{manne1960job,
  title={On the job-shop scheduling problem},
  author={Manne, Alan S},
  journal={Operations research},
  volume={8},
  number={2},
  pages={219--223},
  year={1960},
  publisher={INFORMS}
}

% jssp
@article{jain1999deterministic,
  title={Deterministic job-shop scheduling: Past, present and future},
  author={Jain, Anant Singh and Meeran, Sheik},
  journal={European journal of operational research},
  volume={113},
  number={2},
  pages={390--434},
  year={1999},
  publisher={Elsevier}
}

% vrp
@book{toth2014vehicle,
  title={Vehicle routing: problems, methods, and applications},
  author={Toth, Paolo and Vigo, Daniele},
  year={2014},
  publisher={SIAM}
}

% vrp
@article{braekers2016vehicle,
  title={The vehicle routing problem: State of the art classification and review},
  author={Braekers, Kris and Ramaekers, Katrien and Van Nieuwenhuyse, Inneke},
  journal={Computers \& industrial engineering},
  volume={99},
  pages={300--313},
  year={2016},
  publisher={Elsevier}
}


%%%%%%%%%%%%
% RL
%%%%%%%%%%%%

% ppo
@article{schulman2017proximal,
  title={Proximal policy optimization algorithms},
  author={Schulman, John and Wolski, Filip and Dhariwal, Prafulla and Radford, Alec and Klimov, Oleg},
  journal={arXiv preprint arXiv:1707.06347},
  year={2017}
}

% maskable ppo
@inproceedings{huang2022closer,
  title={A Closer Look at Invalid Action Masking in Policy Gradient Algorithms},
  author={Huang, Shengyi and Onta{\~n}{\'o}n, Santiago},
  booktitle={The International FLAIRS Conference Proceedings},
  volume={35},
  year={2022}
}


%%%%%%%%%%%%%%%%%%
% Universal plan
%%%%%%%%%%%%%%%%%%

@inproceedings{schoppers1987universal,
  title={Universal Plans for Reactive Robots in Unpredictable Environments.},
  author={Schoppers, Marcel},
  booktitle={IJCAI},
  volume={87},
  pages={1039--1046},
  year={1987},
  organization={Citeseer}
}

@article{ginsberg1989universal,
  title={Universal planning: An (almost) universally bad idea},
  author={Ginsberg, Matthew L},
  journal={AI magazine},
  volume={10},
  number={4},
  pages={40--40},
  year={1989}
}

@article{zhu2023computing,
  title={On Computing Universal Plans for Partially Observable Multi-Agent Path Finding},
  author={Zhu, Fengming and Lin, Fangzhen},
  journal={arXiv preprint arXiv:2305.16203},
  year={2023}
}