@inproceedings{TULVAE,
	author = {Zhou, Fan and Gao, Qiang and Trajcevski, Goce and Zhang, Kunpeng and Zhong, Ting and Zhang, Fengli},
	title = {Trajectory-user linking via variational autoencoder},
	year = {2018},
	isbn = {9780999241127},
	publisher = {AAAI Press},
	booktitle = {Proceedings of the 27th International Joint Conference on Artificial Intelligence},
	pages = {3212–3218},
	numpages = {7},
	location = {Stockholm, Sweden},
	series = {IJCAI'18}
}

@article{aspect,
	title = {Aspect-oriented unsupervised social link inference on user trajectory data},
	journal = {Information Sciences},
	volume = {626},
	pages = {249-261},
	year = {2023},
	issn = {0020-0255},
	doi = {https://doi.org/10.1016/j.ins.2023.01.022},
	url = {https://www.sciencedirect.com/science/article/pii/S002002552300021X},
	author = {Hyungho Byun and Younhyuk Choi and Chong-Kwon Kim},
	keywords = {Location-based social network, Network embedding, Social link prediction, Social network analysis},
}

@article{attntul,
	author = {Chen, Wei and Huang, Chao and Yu, Yanwei and Jiang, Yongguo and Dong, Junyu},
	title = {Trajectory-User Linking via Hierarchical Spatio-Temporal Attention Networks},
	year = {2024},
	issue_date = {May 2024},
	publisher = {Association for Computing Machinery},
	address = {New York, NY, USA},
	volume = {18},
	number = {4},
	issn = {1556-4681},
	url = {https://doi.org/10.1145/3635718},
	doi = {10.1145/3635718},
	journal = {ACM Trans. Knowl. Discov. Data},
	month = feb,
	articleno = {85},
	numpages = {22},
	keywords = {Trajectory-user linking, attention neural networks, trajectory representation learning, spatio-temporal data}
}

@inproceedings{deeptul,
	author = {Miao, Congcong and Wang, Jilong and Yu, Heng and Zhang, Weichen and Qi, Yinyao},
	title = {Trajectory-User Linking with Attentive Recurrent Network},
	year = {2020},
	isbn = {9781450375184},
	publisher = {International Foundation for Autonomous Agents and Multiagent Systems},
	address = {Richland, SC},
	booktitle = {Proceedings of the 19th International Conference on Autonomous Agents and MultiAgent Systems},
	pages = {878–886},
	numpages = {9},
	keywords = {social tagging, human mobility mining, deep learning},
	location = {Auckland, New Zealand},
	series = {AAMAS '20}
}

@INPROCEEDINGS{gnntul,
	author={Zhou, Fan and Chen, Shupei and Wu, Jin and Cao, Chengtai and Zhang, Shengming},
	booktitle={ICC 2021 - IEEE International Conference on Communications}, 
	title={Trajectory-User Linking via Graph Neural Network}, 
	year={2021},
	volume={},
	number={},
	pages={1-6},
	keywords={Social networking (online);Computational modeling;Feature extraction;Graph neural networks;Distance measurement;Data models;Trajectory;trajectory-user linking;graph neural network;mobility learning;spatio-temporal modeling;deep learning},
	doi={10.1109/ICC42927.2021.9500836}}

@ARTICLE{hgnn+,
	author={Gao, Yue and Feng, Yifan and Ji, Shuyi and Ji, Rongrong},
	journal={IEEE Transactions on Pattern Analysis and Machine Intelligence}, 
	title={HGNN+: General Hypergraph Neural Networks}, 
	year={2023},
	volume={45},
	number={3},
	pages={3181-3199},
	keywords={Correlation;Convolution;Data models;Task analysis;Social networking (online);Mathematical models;Representation learning;Hypergraph;classification;hypergraph convolution;representation learning},
	doi={10.1109/TPAMI.2022.3182052}}

@ARTICLE{hguid,
	author={Zhao, Wei and Tan, Shulong and Guan, Ziyu and Zhang, Boxuan and Gong, Maoguo and Cao, Zhengwen and Wang, Quan},
	journal={IEEE Transactions on Neural Networks and Learning Systems}, 
	title={Learning to Map Social Network Users by Unified Manifold Alignment on Hypergraph}, 
	year={2018},
	volume={29},
	number={12},
	pages={5834-5846},
	keywords={Manifolds;Task analysis;Training;Learning systems;Facebook;Twitter;Hypergraph;manifold alignment;social networks;user mapping},
	doi={10.1109/TNNLS.2018.2812888}}

@article{hycn,
	title = {Hypergraph convolution and hypergraph attention},
	journal = {Pattern Recognition},
	volume = {110},
	pages = {107637},
	year = {2021},
	issn = {0031-3203},
	doi = {https://doi.org/10.1016/j.patcog.2020.107637},
	url = {https://www.sciencedirect.com/science/article/pii/S0031320320304404},
	author = {Song Bai and Feihu Zhang and Philip H.S. Torr},
	keywords = {Graph learning, Hypergraph learning, Graph neural networks, Semi-supervised learning}
}

@inproceedings{hygnn,
	author = {Feng, Yifan and You, Haoxuan and Zhang, Zizhao and Ji, Rongrong and Gao, Yue},
	title = {Hypergraph neural networks},
	year = {2019},
	isbn = {978-1-57735-809-1},
	publisher = {AAAI Press},
	url = {https://doi.org/10.1609/aaai.v33i01.33013558},
	doi = {10.1609/aaai.v33i01.33013558},
	booktitle = {Proceedings of the Thirty-Third AAAI Conference on Artificial Intelligence and Thirty-First Innovative Applications of Artificial Intelligence Conference and Ninth AAAI Symposium on Educational Advances in Artificial Intelligence},
	articleno = {437},
	numpages = {8},
	location = {Honolulu, Hawaii, USA},
	series = {AAAI'19/IAAI'19/EAAI'19}
}

@inproceedings{hypoi,
	author = {Yan, Xiaodong and Song, Tengwei and Jiao, Yifeng and He, Jianshan and Wang, Jiaotuan and Li, Ruopeng and Chu, Wei},
	title = {Spatio-Temporal Hypergraph Learning for Next POI Recommendation},
	year = {2023},
	isbn = {9781450394086},
	publisher = {Association for Computing Machinery},
	address = {New York, NY, USA},
	url = {https://doi.org/10.1145/3539618.3591770},
	doi = {10.1145/3539618.3591770},
	booktitle = {Proceedings of the 46th International ACM SIGIR Conference on Research and Development in Information Retrieval},
	pages = {403–412},
	numpages = {10},
	keywords = {graph transformer, hypergraph, next poi recommendation},
	location = {Taipei, Taiwan},
	series = {SIGIR '23}
}

@inproceedings{s2tul,
	author = {Deng, Liwei and Sun, Hao and Zhao, Yan and Liu, Shuncheng and Zheng, Kai},
	title = {S2TUL: A Semi-Supervised Framework for Trajectory-User Linking},
	year = {2023},
	isbn = {9781450394079},
	publisher = {Association for Computing Machinery},
	address = {New York, NY, USA},
	url = {https://doi.org/10.1145/3539597.3570410},
	doi = {10.1145/3539597.3570410},
	booktitle = {Proceedings of the Sixteenth ACM International Conference on Web Search and Data Mining},
	pages = {375–383},
	numpages = {9},
	keywords = {heterogeneous graph neural networks, semi-supervised, trajectory-user linking},
	location = {Singapore, Singapore},
	series = {WSDM '23}
}

