@book{absil2008optimization,
  title={Optimization algorithms on matrix manifolds},
  author={Absil, P-A and Mahony, Robert and Sepulchre, Rodolphe},
  year={2008},
  publisher={Princeton University Press}
}

@article{alimisis2021distributed,
  title={Distributed principal component analysis with limited communication},
  author={Alimisis, Foivos and Davies, Peter and Vandereycken, Bart and Alistarh, Dan},
  journal={Advances in Neural Information Processing Systems},
  volume={34},
  pages={2823--2834},
  year={2021}
}

@inproceedings{allen2017first,
  title={First efficient convergence for streaming k-{PCA}: a global, gap-free, and near-optimal rate},
  author={Allen-Zhu, Zeyuan and Li, Yuanzhi},
  booktitle={2017 IEEE 58th Annual Symposium on Foundations of Computer Science (FOCS)},
  pages={487--492},
  year={2017},
  organization={IEEE}
}

@inproceedings{arora2012stochastic,
  title={Stochastic optimization for {PCA} and {PLS}},
  author={Arora, Raman and Cotter, Andrew and Livescu, Karen and Srebro, Nathan},
  booktitle={2012 50th annual allerton conference on communication, control, and computing (allerton)},
  pages={861--868},
  year={2012},
  organization={IEEE}
}

@article{bannour1995principal,
  title={Principal component extraction using recursive least squares learning},
  author={Bannour, Sami and Azimi-Sadjadi, Mahmood R},
  journal={IEEE Transactions on Neural Networks},
  volume={6},
  number={2},
  pages={457--469},
  year={1995},
  publisher={IEEE}
}

@article{beznosikov2023sarah,
  title={Sarah {F}rank-{W}olfe: Methods for constrained optimization with best rates and practical features},
  author={Beznosikov, Aleksandr and Dobre, David and Gidel, Gauthier},
  journal={arXiv preprint arXiv:2304.11737},
  year={2023}
}

@inproceedings{boutsidis2014online,
  title={Online principal components analysis},
  author={Boutsidis, Christos and Garber, Dan and Karnin, Zohar and Liberty, Edo},
  booktitle={Proceedings of the twenty-sixth annual ACM-SIAM symposium on Discrete algorithms},
  pages={887--901},
  year={2014},
  organization={SIAM}
}

@inproceedings{boutsidis2016optimal,
  title={Optimal principal component analysis in distributed and streaming models},
  author={Boutsidis, Christos and Woodruff, David P and Zhong, Peilin},
  booktitle={Proceedings of the forty-eighth annual ACM symposium on Theory of Computing},
  pages={236--249},
  year={2016}
}

@article{cape2020orthogonal,
  title={Orthogonal {P}rocrustes and norm-dependent optimality},
  author={Cape, Joshua},
  journal={The Electronic Journal of Linear Algebra},
  volume={36},
  pages={158--168},
  year={2020}
}

@article{charisopoulos2022communication,
  title={Communication-efficient distributed eigenspace estimation with arbitrary node failures},
  author={Charisopoulos, Vasileios and Damle, Anil},
  journal={Advances in Neural Information Processing Systems},
  volume={35},
  pages={18197--18210},
  year={2022}
}

@article{chen2024sequential,
  title={Sequential subspace methods on {S}tiefel manifold optimization problems},
  author={Chen, Pengwen and Cheng, Chung-Kuan and Holtz, Chester},
  journal={arXiv preprint arXiv:2404.13301},
  year={2024}
}

@article{demidovich2024streamlining,
  title={Streamlining in the {R}iemannian Realm: Efficient Riemannian Optimization with Loopless Variance Reduction},
  author={Demidovich, Yury and Malinovsky, Grigory and Richtarik, Peter},
  journal={arXiv preprint arXiv:2403.06677},
  year={2024}
}

@article{dhillon2000xlahqr,
  author    = {Inderjit S. Dhillon and Beresford N. Parlett},
  title     = {The Design and Implementation of the xLAHQR Algorithm for Eigenvalue Computations},
  journal   = {ACM Transactions on Mathematical Software},
  volume    = {26},
  number    = {1},
  year      = {2000},
  pages     = {1--15},
  doi       = {10.1145/344875.344884},
}

@article{fan2019distributed,
  title={Distributed estimation of principal eigenspaces},
  author={Fan, Jianqing and Wang, Dong and Wang, Kaizheng and Zhu, Ziwei},
  journal={Annals of statistics},
  volume={47},
  number={6},
  pages={3009},
  year={2019},
  publisher={NIH Public Access}
}

@article{feldman2020turning,
  title={Turning big data into tiny data: Constant-size coresets for k-means, {PCA}, and projective clustering},
  author={Feldman, Dan and Schmidt, Melanie and Sohler, Christian},
  journal={SIAM Journal on Computing},
  volume={49},
  number={3},
  pages={601--657},
  year={2020},
  publisher={SIAM}
}

@inproceedings{garber2015online,
  title={Online learning of eigenvectors},
  author={Garber, Dan and Hazan, Elad and Ma, Tengyu},
  booktitle={International Conference on Machine Learning},
  pages={560--568},
  year={2015},
  organization={PMLR}
}

@inproceedings{garber2016faster,
  title={Faster eigenvector computation via shift-and-invert preconditioning},
  author={Garber, Dan and Hazan, Elad and Jin, Chi and Musco, Cameron and Netrapalli, Praneeth and Sidford, Aaron and others},
  booktitle={International Conference on Machine Learning},
  pages={2626--2634},
  year={2016},
  organization={PMLR}
}

@inproceedings{garber2017communication,
  title={Communication-efficient algorithms for distributed stochastic principal component analysis},
  author={Garber, Dan and Shamir, Ohad and Srebro, Nathan},
  booktitle={International Conference on Machine Learning},
  pages={1203--1212},
  year={2017},
  organization={PMLR}
}

@misc{gemp2022eigengame,
      title={EigenGame Unloaded: When playing games is better than optimizing}, 
      author={Ian Gemp and Brian McWilliams and Claire Vernade and Thore Graepel},
      year={2022},
      eprint={2102.04152},
      archivePrefix={arXiv},
      primaryClass={stat.ML}
}

@misc{gemp_2020_eigengame,
  author = {Gemp, Ian and McWilliams, Brian and Vernade, Claire and Graepel, Thore},
  month = {10},
  title = {EigenGame: PCA as a Nash Equilibrium},
  url = {https://arxiv.org/abs/2010.00554},
  year = {2020},
  organization = {arXiv.org}
}

@book{golub1996matrix,
  author    = {Gene H. Golub and Charles F. Van Loan},
  title     = {Matrix Computations},
  edition   = {3rd},
  year      = {1996},
  publisher = {Johns Hopkins University Press},
  address   = {Baltimore, MD},
}

@article{han2014scale,
  title={Scale-invariant sparse {PCA} on high-dimensional meta-elliptical data},
  author={Han, Fang and Liu, Han},
  journal={Journal of the American Statistical Association},
  volume={109},
  number={505},
  pages={275--287},
  year={2014},
  publisher={Taylor \& Francis}
}

@article{hotelling1933analysis,
  title={Analysis of a complex of statistical variables into principal components.},
  author={Hotelling, Harold},
  journal={Journal of educational psychology},
  volume={24},
  number={6},
  pages={417},
  year={1933},
  publisher={Warwick \& York}
}

@inproceedings{huang2020communication,
  title={Communication-efficient distributed {PCA} by {R}iemannian optimization},
  author={Huang, Long-Kai and Pan, Sinno},
  booktitle={International Conference on Machine Learning},
  pages={4465--4474},
  year={2020},
  organization={PMLR}
}

@article{journee2010generalized,
  title={Generalized power method for sparse principal component analysis.},
  author={Journ{\'e}e, Michel and Nesterov, Yurii and Richt{\'a}rik, Peter and Sepulchre, Rodolphe},
  journal={Journal of Machine Learning Research},
  volume={11},
  number={2},
  year={2010}
}

@inproceedings{kannan2014principal,
  title={Principal component analysis and higher correlations for distributed data},
  author={Kannan, Ravi and Vempala, Santosh and Woodruff, David},
  booktitle={Conference on Learning Theory},
  pages={1040--1057},
  year={2014},
  organization={PMLR}
}

@article{kim2019scale,
  title={Scale invariant power iteration},
  author={Kim, Cheolmin and Kim, Youngseok and Klabjan, Diego},
  journal={arXiv preprint arXiv:1905.09882},
  year={2019}
}

@article{kim2019simple,
  title={A simple and fast algorithm for $\ell_1$-norm kernel {PCA}},
  author={Kim, Cheolmin and Klabjan, Diego},
  journal={IEEE transactions on pattern analysis and machine intelligence},
  volume={42},
  number={8},
  pages={1842--1855},
  year={2019},
  publisher={IEEE}
}

@inproceedings{kim2020stochastic,
  title={Stochastic variance-reduced algorithms for {PCA} with arbitrary mini-batch sizes},
  author={Kim, Cheolmin and Klabjan, Diego},
  booktitle={International Conference on Artificial Intelligence and Statistics},
  pages={4302--4312},
  year={2020},
  organization={PMLR}
}

@article{krasulina1969method,
  title={The method of stochastic approximation for the determination of the least eigenvalue of a symmetrical matrix},
  author={Krasulina, TP},
  journal={USSR Computational Mathematics and Mathematical Physics},
  volume={9},
  number={6},
  pages={189--195},
  year={1969},
  publisher={Elsevier}
}

@article{kung1994adaptive,
  title={Adaptive principal component extraction ({APEX}) and applications},
  author={Kung, Sun-Yuan and Diamantaras, Konstantinos I and Taur, Jin-Shiuh},
  journal={IEEE transactions on signal processing},
  volume={42},
  number={5},
  pages={1202--1217},
  year={1994},
  publisher={IEEE}
}

@article{lanczos1950iteration,
  author    = {C. Lanczos},
  title     = {An Iteration Method for the Solution of the Eigenvalue Problem of Linear Differential and Integral Operators},
  journal   = {Journal of Research of the National Bureau of Standards},
  volume    = {45},
  number    = {4},
  year      = {1950},
  pages     = {255--282},
  doi       = {10.6028/jres.045.026},
}

@book{lehoucq1998arpack,
  author    = {R. B. Lehoucq and D. C. Sorensen and C. Yang},
  title     = {ARPACK Users' Guide: Solution of Large-Scale Eigenvalue Problems by Implicitly Restarted Arnoldi Methods},
  year      = {1998},
  publisher = {Society for Industrial and Applied Mathematics (SIAM)},
  address   = {Philadelphia, PA},
  isbn      = {978-0-89871-418-0},
}

@article{lei2016coordinate,
  title={Coordinate-wise power method},
  author={Lei, Qi and Zhong, Kai and Dhillon, Inderjit S},
  journal={Advances in Neural Information Processing Systems},
  volume={29},
  year={2016}
}

@inproceedings{li2021communication,
  title={Communication-efficient distributed {SVD} via local power iterations},
  author={Li, Xiang and Wang, Shusen and Chen, Kun and Zhang, Zhihua},
  booktitle={International Conference on Machine Learning},
  pages={6504--6514},
  year={2021},
  organization={PMLR}
}

@article{liang2014improved,
  title={Improved distributed principal component analysis},
  author={Liang, Yingyu and Balcan, Maria-Florina F and Kanchanapally, Vandana and Woodruff, David},
  journal={Advances in neural information processing systems},
  volume={27},
  year={2014}
}

@inproceedings{mcmahan2017communication,
  title={Communication-efficient learning of deep networks from decentralized data},
  author={McMahan, Brendan and Moore, Eider and Ramage, Daniel and Hampson, Seth and y Arcas, Blaise Aguera},
  booktitle={Artificial intelligence and statistics},
  pages={1273--1282},
  year={2017},
  organization={PMLR}
}

@article{miao1998fast,
  title={Fast subspace tracking and neural network learning by a novel information criterion},
  author={Miao, Yongfeng and Hua, Yingbo},
  journal={IEEE Transactions on Signal Processing},
  volume={46},
  number={7},
  pages={1967--1979},
  year={1998},
  publisher={IEEE}
}

@article{oja1985stochastic,
  title={On stochastic approximation of the eigenvectors and eigenvalues of the expectation of a random matrix},
  author={Oja, Erkki and Karhunen, Juha},
  journal={Journal of mathematical analysis and applications},
  volume={106},
  number={1},
  pages={69--84},
  year={1985},
  publisher={Elsevier}
}

@manual{scalapack1997,
  author       = {Jack Dongarra and Iain S. Duff and Jeremy Du Croz and Sven Hammarling},
  title        = {ScaLAPACK: A Scalable Linear Algebra Library for Distributed Memory Computers},
  year         = {1997},
  note         = {Version 1.8},
  url          = {https://www.netlib.org/scalapack/},
}

@article{schonemann1966generalized,
  title={A generalized solution of the orthogonal procrustes problem},
  author={Sch{\"o}nemann, Peter H},
  journal={Psychometrika},
  volume={31},
  number={1},
  pages={1--10},
  year={1966},
  publisher={Springer}
}

@inproceedings{shamir2015stochastic,
  title={A stochastic {PCA} and {SVD} algorithm with an exponential convergence rate},
  author={Shamir, Ohad},
  booktitle={International conference on machine learning},
  pages={144--152},
  year={2015},
  organization={PMLR}
}

@inproceedings{shamir2016fast,
  title={Fast stochastic algorithms for {SVD} and {PCA}: Convergence properties and convexity},
  author={Shamir, Ohad},
  booktitle={International Conference on Machine Learning},
  pages={248--256},
  year={2016},
  organization={PMLR}
}

@inproceedings{wang2023incremental,
  title={Incremental aggregated riemannian gradient method for distributed pca},
  author={Wang, Xiaolu and Jiao, Yuchen and Wai, Hoi-To and Gu, Yuantao},
  booktitle={International Conference on Artificial Intelligence and Statistics},
  pages={7492--7510},
  year={2023},
  organization={PMLR}
}

@inproceedings{xu2018accelerated,
  title={Accelerated stochastic power iteration},
  author={Xu, Peng and He, Bryan and De Sa, Christopher and Mitliagkas, Ioannis and Re, Chris},
  booktitle={International Conference on Artificial Intelligence and Statistics},
  pages={58--67},
  year={2018},
  organization={PMLR}
}

@article{yang1995projection,
  title={Projection approximation subspace tracking},
  author={Yang, Bin},
  journal={IEEE Transactions on Signal processing},
  volume={43},
  number={1},
  pages={95--107},
  year={1995},
  publisher={IEEE}
}

@article{yu2017single,
  title={Single-pass {PCA} of large high-dimensional data},
  author={Yu, Wenjian and Gu, Yu and Li, Jian and Liu, Shenghua and Li, Yaohang},
  journal={arXiv preprint arXiv:1704.07669},
  year={2017}
}

@article{yuan2013truncated,
  title={Truncated Power Method for Sparse Eigenvalue Problems.},
  author={Yuan, Xiao-Tong and Zhang, Tong},
  journal={Journal of Machine Learning Research},
  volume={14},
  number={4},
  year={2013}
}

@inproceedings{zari2022membership,
  title={Membership inference attack against principal component analysis},
  author={Zari, Oualid and Parra-Arnau, Javier and {\"U}nsal, Ay{\c{s}}e and Strufe, Thorsten and {\"O}nen, Melek},
  booktitle={International Conference on Privacy in Statistical Databases},
  pages={269--282},
  year={2022},
  organization={Springer}
}

@article{zhou2023stochastic,
  title={Stochastic {G}auss--{N}ewton Algorithms for Online {PCA}},
  author={Zhou, Siyun and Liu, Xin and Xu, Liwei},
  journal={Journal of Scientific Computing},
  volume={96},
  number={3},
  pages={72},
  year={2023},
  publisher={Springer}
}

