@article{hotelling1933analysis,
  title={Analysis of a complex of statistical variables into principal components.},
  author={Hotelling, Harold},
  journal={Journal of educational psychology},
  volume={24},
  number={6},
  pages={417},
  year={1933},
  publisher={Warwick \& York}
}

@inproceedings{garber2017communication,
  title={Communication-efficient algorithms for distributed stochastic principal component analysis},
  author={Garber, Dan and Shamir, Ohad and Srebro, Nathan},
  booktitle={International Conference on Machine Learning},
  pages={1203--1212},
  year={2017},
  organization={PMLR}
}

@inproceedings{mcmahan2017communication,
  title={Communication-efficient learning of deep networks from decentralized data},
  author={McMahan, Brendan and Moore, Eider and Ramage, Daniel and Hampson, Seth and y Arcas, Blaise Aguera},
  booktitle={Artificial intelligence and statistics},
  pages={1273--1282},
  year={2017},
  organization={PMLR}
}

@article{cape2020orthogonal,
  title={Orthogonal {P}rocrustes and norm-dependent optimality},
  author={Cape, Joshua},
  journal={The Electronic Journal of Linear Algebra},
  volume={36},
  pages={158--168},
  year={2020}
}

@article{schonemann1966generalized,
  title={A generalized solution of the orthogonal procrustes problem},
  author={Sch{\"o}nemann, Peter H},
  journal={Psychometrika},
  volume={31},
  number={1},
  pages={1--10},
  year={1966},
  publisher={Springer}
}

@inproceedings{li2021communication,
  title={Communication-efficient distributed {SVD} via local power iterations},
  author={Li, Xiang and Wang, Shusen and Chen, Kun and Zhang, Zhihua},
  booktitle={International Conference on Machine Learning},
  pages={6504--6514},
  year={2021},
  organization={PMLR}
}

@inproceedings{jiang2021streaming,
  title={Streaming and distributed algorithms for robust column subset selection},
  author={Jiang, Shuli and Li, Dennis and Li, Irene Mengze and Mahankali, Arvind V and Woodruff, David},
  booktitle={International Conference on Machine Learning},
  pages={4971--4981},
  year={2021},
  organization={PMLR}
}

@article{alimisis2021distributed,
  title={Distributed principal component analysis with limited communication},
  author={Alimisis, Foivos and Davies, Peter and Vandereycken, Bart and Alistarh, Dan},
  journal={Advances in Neural Information Processing Systems},
  volume={34},
  pages={2823--2834},
  year={2021}
}

@inproceedings{huang2020communication,
  title={Communication-efficient distributed {PCA} by {R}iemannian optimization},
  author={Huang, Long-Kai and Pan, Sinno},
  booktitle={International Conference on Machine Learning},
  pages={4465--4474},
  year={2020},
  organization={PMLR}
}

@article{fan2019distributed,
  title={Distributed estimation of principal eigenspaces},
  author={Fan, Jianqing and Wang, Dong and Wang, Kaizheng and Zhu, Ziwei},
  journal={Annals of statistics},
  volume={47},
  number={6},
  pages={3009},
  year={2019},
  publisher={NIH Public Access}
}

@inproceedings{boutsidis2016optimal,
  title={Optimal principal component analysis in distributed and streaming models},
  author={Boutsidis, Christos and Woodruff, David P and Zhong, Peilin},
  booktitle={Proceedings of the forty-eighth annual ACM symposium on Theory of Computing},
  pages={236--249},
  year={2016}
}

@article{liang2014improved,
  title={Improved distributed principal component analysis},
  author={Liang, Yingyu and Balcan, Maria-Florina F and Kanchanapally, Vandana and Woodruff, David},
  journal={Advances in neural information processing systems},
  volume={27},
  year={2014}
}

@inproceedings{kannan2014principal,
  title={Principal component analysis and higher correlations for distributed data},
  author={Kannan, Ravi and Vempala, Santosh and Woodruff, David},
  booktitle={Conference on Learning Theory},
  pages={1040--1057},
  year={2014},
  organization={PMLR}
}

@inproceedings{zari2022membership,
  title={Membership inference attack against principal component analysis},
  author={Zari, Oualid and Parra-Arnau, Javier and {\"U}nsal, Ay{\c{s}}e and Strufe, Thorsten and {\"O}nen, Melek},
  booktitle={International Conference on Privacy in Statistical Databases},
  pages={269--282},
  year={2022},
  organization={Springer}
}

@article{muntz1913solution,
  title={On the solution of {\'e}secular equations and {\'e}integral equations},
  author={M{\"u}ntz, H},
  journal={CR Acad. Sci. Paris},
  volume={156},
  pages={860--862},
  year={1913}
}

@inproceedings{wang2023incremental,
  title={Incremental aggregated riemannian gradient method for distributed pca},
  author={Wang, Xiaolu and Jiao, Yuchen and Wai, Hoi-To and Gu, Yuantao},
  booktitle={International Conference on Artificial Intelligence and Statistics},
  pages={7492--7510},
  year={2023},
  organization={PMLR}
}

@article{krasulina1969method,
  title={The method of stochastic approximation for the determination of the least eigenvalue of a symmetrical matrix},
  author={Krasulina, TP},
  journal={USSR Computational Mathematics and Mathematical Physics},
  volume={9},
  number={6},
  pages={189--195},
  year={1969},
  publisher={Elsevier}
}

@article{grammenos2020federated,
  title={Federated principal component analysis},
  author={Grammenos, Andreas and Mendoza Smith, Rodrigo and Crowcroft, Jon and Mascolo, Cecilia},
  journal={Advances in neural information processing systems},
  volume={33},
  pages={6453--6464},
  year={2020}
}

@article{yu2017single,
  title={Single-pass {PCA} of large high-dimensional data},
  author={Yu, Wenjian and Gu, Yu and Li, Jian and Liu, Shenghua and Li, Yaohang},
  journal={arXiv preprint arXiv:1704.07669},
  year={2017}
}

@inproceedings{imtiaz2018differentially,
  title={Differentially private distributed principal component analysis},
  author={Imtiaz, Hafiz and Sarwate, Anand D},
  booktitle={2018 IEEE International Conference on Acoustics, Speech and Signal Processing (ICASSP)},
  pages={2206--2210},
  year={2018},
  organization={IEEE}
}

@article{feldman2020turning,
  title={Turning big data into tiny data: Constant-size coresets for k-means, {PCA}, and projective clustering},
  author={Feldman, Dan and Schmidt, Melanie and Sohler, Christian},
  journal={SIAM Journal on Computing},
  volume={49},
  number={3},
  pages={601--657},
  year={2020},
  publisher={SIAM}
}

@inproceedings{garber2016faster,
  title={Faster eigenvector computation via shift-and-invert preconditioning},
  author={Garber, Dan and Hazan, Elad and Jin, Chi and Musco, Cameron and Netrapalli, Praneeth and Sidford, Aaron and others},
  booktitle={International Conference on Machine Learning},
  pages={2626--2634},
  year={2016},
  organization={PMLR}
}

@inproceedings{allen2017first,
  title={First efficient convergence for streaming k-{PCA}: a global, gap-free, and near-optimal rate},
  author={Allen-Zhu, Zeyuan and Li, Yuanzhi},
  booktitle={2017 IEEE 58th Annual Symposium on Foundations of Computer Science (FOCS)},
  pages={487--492},
  year={2017},
  organization={IEEE}
}

@article{charisopoulos2021communication,
  title={Communication-efficient distributed eigenspace estimation},
  author={Charisopoulos, Vasileios and Benson, Austin R and Damle, Anil},
  journal={SIAM Journal on Mathematics of Data Science},
  volume={3},
  number={4},
  pages={1067--1092},
  year={2021},
  publisher={SIAM}
}

@article{charisopoulos2022communication,
  title={Communication-efficient distributed eigenspace estimation with arbitrary node failures},
  author={Charisopoulos, Vasileios and Damle, Anil},
  journal={Advances in Neural Information Processing Systems},
  volume={35},
  pages={18197--18210},
  year={2022}
}

@inproceedings{froelicher2023scalable,
  title={Scalable and privacy-preserving federated principal component analysis},
  author={Froelicher, David and Cho, Hyunghoon and Edupalli, Manaswitha and Sousa, Joao Sa and Bossuat, Jean-Philippe and Pyrgelis, Apostolos and Troncoso-Pastoriza, Juan R and Berger, Bonnie and Hubaux, Jean-Pierre},
  booktitle={2023 IEEE Symposium on Security and Privacy (SP)},
  pages={1908--1925},
  year={2023},
  organization={IEEE}
}

@article{shi2022personalized,
  title={Personalized {PCA}: Decoupling shared and unique features},
  author={Shi, Naichen and Kontar, Raed Al},
  journal={arXiv preprint arXiv:2207.08041},
  year={2022}
}

@article{briguglio2023federated,
  title={Federated Supervised Principal Component Analysis},
  author={Briguglio, William and Yousef, Waleed A and Traor{\'e}, Issa and Mamun, Mohammad},
  journal={IEEE Transactions on Information Forensics and Security},
  year={2023},
  publisher={IEEE}
}

@article{hartebrodt2023federated,
  title={Federated singular value decomposition for high-dimensional data},
  author={Hartebrodt, Anne and R{\"o}ttger, Richard and Blumenthal, David B},
  journal={Data Mining and Knowledge Discovery},
  pages={1--38},
  year={2023},
  publisher={Springer}
}

@article{yuan2013truncated,
  title={Truncated Power Method for Sparse Eigenvalue Problems.},
  author={Yuan, Xiao-Tong and Zhang, Tong},
  journal={Journal of Machine Learning Research},
  volume={14},
  number={4},
  year={2013}
}

@article{garber2015fast,
  title={Fast and simple {PCA} via convex optimization},
  author={Garber, Dan and Hazan, Elad},
  journal={arXiv preprint arXiv:1509.05647},
  year={2015}
}

@article{kim2019scale,
  title={Scale invariant power iteration},
  author={Kim, Cheolmin and Kim, Youngseok and Klabjan, Diego},
  journal={arXiv preprint arXiv:1905.09882},
  year={2019}
}

@book{absil2008optimization,
  title={Optimization algorithms on matrix manifolds},
  author={Absil, P-A and Mahony, Robert and Sepulchre, Rodolphe},
  year={2008},
  publisher={Princeton University Press}
}

@article{kim2019simple,
  title={A simple and fast algorithm for $\ell_1$-norm kernel {PCA}},
  author={Kim, Cheolmin and Klabjan, Diego},
  journal={IEEE transactions on pattern analysis and machine intelligence},
  volume={42},
  number={8},
  pages={1842--1855},
  year={2019},
  publisher={IEEE}
}

@article{han2014scale,
  title={Scale-invariant sparse {PCA} on high-dimensional meta-elliptical data},
  author={Han, Fang and Liu, Han},
  journal={Journal of the American Statistical Association},
  volume={109},
  number={505},
  pages={275--287},
  year={2014},
  publisher={Taylor \& Francis}
}

@inproceedings{boutsidis2014online,
  title={Online principal components analysis},
  author={Boutsidis, Christos and Garber, Dan and Karnin, Zohar and Liberty, Edo},
  booktitle={Proceedings of the twenty-sixth annual ACM-SIAM symposium on Discrete algorithms},
  pages={887--901},
  year={2014},
  organization={SIAM}
}

@inproceedings{kim2020stochastic,
  title={Stochastic variance-reduced algorithms for {PCA} with arbitrary mini-batch sizes},
  author={Kim, Cheolmin and Klabjan, Diego},
  booktitle={International Conference on Artificial Intelligence and Statistics},
  pages={4302--4312},
  year={2020},
  organization={PMLR}
}

@inproceedings{shamir2016fast,
  title={Fast stochastic algorithms for {SVD} and {PCA}: Convergence properties and convexity},
  author={Shamir, Ohad},
  booktitle={International Conference on Machine Learning},
  pages={248--256},
  year={2016},
  organization={PMLR}
}

@inproceedings{garber2015online,
  title={Online learning of eigenvectors},
  author={Garber, Dan and Hazan, Elad and Ma, Tengyu},
  booktitle={International Conference on Machine Learning},
  pages={560--568},
  year={2015},
  organization={PMLR}
}

@inproceedings{xu2018accelerated,
  title={Accelerated stochastic power iteration},
  author={Xu, Peng and He, Bryan and De Sa, Christopher and Mitliagkas, Ioannis and Re, Chris},
  booktitle={International Conference on Artificial Intelligence and Statistics},
  pages={58--67},
  year={2018},
  organization={PMLR}
}

@article{lei2016coordinate,
  title={Coordinate-wise power method},
  author={Lei, Qi and Zhong, Kai and Dhillon, Inderjit S},
  journal={Advances in Neural Information Processing Systems},
  volume={29},
  year={2016}
}

@article{journee2010generalized,
  title={Generalized power method for sparse principal component analysis.},
  author={Journ{\'e}e, Michel and Nesterov, Yurii and Richt{\'a}rik, Peter and Sepulchre, Rodolphe},
  journal={Journal of Machine Learning Research},
  volume={11},
  number={2},
  year={2010}
}

@article{tapia2018inverse,
  title={Inverse, shifted inverse, and {R}ayleigh quotient iteration as {N}ewton's method},
  author={Tapia, Richard A and Dennis Jr, John E and Schaermeyer, Jan P},
  journal={Siam Review},
  volume={60},
  number={1},
  pages={3--55},
  year={2018},
  publisher={SIAM}
}

@article{golub2000eigenvalue,
  title={Eigenvalue computation in the 20th century},
  author={Golub, Gene H and Van der Vorst, Henk A},
  journal={Journal of Computational and Applied Mathematics},
  volume={123},
  number={1-2},
  pages={35--65},
  year={2000},
  publisher={Elsevier}
}

@article{demidovich2024streamlining,
  title={Streamlining in the {R}iemannian Realm: Efficient Riemannian Optimization with Loopless Variance Reduction},
  author={Demidovich, Yury and Malinovsky, Grigory and Richtarik, Peter},
  journal={arXiv preprint arXiv:2403.06677},
  year={2024}
}

@article{chen2024sequential,
  title={Sequential subspace methods on {S}tiefel manifold optimization problems},
  author={Chen, Pengwen and Cheng, Chung-Kuan and Holtz, Chester},
  journal={arXiv preprint arXiv:2404.13301},
  year={2024}
}

@article{zhou2023stochastic,
  title={Stochastic {G}auss--{N}ewton Algorithms for Online {PCA}},
  author={Zhou, Siyun and Liu, Xin and Xu, Liwei},
  journal={Journal of Scientific Computing},
  volume={96},
  number={3},
  pages={72},
  year={2023},
  publisher={Springer}
}

@article{beznosikov2023sarah,
  title={Sarah {F}rank-{W}olfe: Methods for constrained optimization with best rates and practical features},
  author={Beznosikov, Aleksandr and Dobre, David and Gidel, Gauthier},
  journal={arXiv preprint arXiv:2304.11737},
  year={2023}
}

@inproceedings{chen2023noisy,
  title={Noisy Riemannian Gradient Descent for Eigenvalue Computation with Application to Inexact Stochastic Recursive Gradient Algorithm},
  author={Chen, You-Lin and Xu, Zhiqiang and Li, Ping},
  booktitle={Asian Conference on Machine Learning},
  pages={201--216},
  year={2023},
  organization={PMLR}
}

@inproceedings{arora2012stochastic,
  title={Stochastic optimization for {PCA} and {PLS}},
  author={Arora, Raman and Cotter, Andrew and Livescu, Karen and Srebro, Nathan},
  booktitle={2012 50th annual allerton conference on communication, control, and computing (allerton)},
  pages={861--868},
  year={2012},
  organization={IEEE}
}

@inproceedings{shamir2015stochastic,
  title={A stochastic {PCA} and {SVD} algorithm with an exponential convergence rate},
  author={Shamir, Ohad},
  booktitle={International conference on machine learning},
  pages={144--152},
  year={2015},
  organization={PMLR}
}

@article{miao1998fast,
  title={Fast subspace tracking and neural network learning by a novel information criterion},
  author={Miao, Yongfeng and Hua, Yingbo},
  journal={IEEE Transactions on Signal Processing},
  volume={46},
  number={7},
  pages={1967--1979},
  year={1998},
  publisher={IEEE}
}

@article{kung1994adaptive,
  title={Adaptive principal component extraction ({APEX}) and applications},
  author={Kung, Sun-Yuan and Diamantaras, Konstantinos I and Taur, Jin-Shiuh},
  journal={IEEE transactions on signal processing},
  volume={42},
  number={5},
  pages={1202--1217},
  year={1994},
  publisher={IEEE}
}

@article{yang1995projection,
  title={Projection approximation subspace tracking},
  author={Yang, Bin},
  journal={IEEE Transactions on Signal processing},
  volume={43},
  number={1},
  pages={95--107},
  year={1995},
  publisher={IEEE}
}

@article{bannour1995principal,
  title={Principal component extraction using recursive least squares learning},
  author={Bannour, Sami and Azimi-Sadjadi, Mahmood R},
  journal={IEEE Transactions on Neural Networks},
  volume={6},
  number={2},
  pages={457--469},
  year={1995},
  publisher={IEEE}
}

@article{oja1985stochastic,
  title={On stochastic approximation of the eigenvectors and eigenvalues of the expectation of a random matrix},
  author={Oja, Erkki and Karhunen, Juha},
  journal={Journal of mathematical analysis and applications},
  volume={106},
  number={1},
  pages={69--84},
  year={1985},
  publisher={Elsevier}
}

@book{jolliffe2002principal,
  title={Principal component analysis for special types of data},
  author={Jolliffe, Ian T},
  year={2002},
  publisher={Springer}
}

@article{majumdar2009image,
	Author = {Majumdar, A},
	Journal = {Signal, image and video processing},
	Number = {1},
	Pages = {27--34},
	Publisher = {Springer},
	Title = {Image compression by sparse PCA coding in curvelet domain},
	Volume = {3},
	Year = {2009}}

@inproceedings{jiang2011anomaly,
	Author = {Jiang, Ruoyi and Fei, Hongliang and Huan, Jun},
	Booktitle = {Proceedings of the 17th ACM SIGKDD},
	Organization = {ACM},
	Pages = {886--894},
	Title = {Anomaly localization for network data streams with graph joint sparse PCA},
	Year = {2011}}

@inproceedings{wang2013sparse,
	Author = {Wang, Zhaoran and Han, Fang and Liu, Han},
	Booktitle = {Proceedings of the Sixteenth International Conference on Artificial Intelligence and Statistics},
	Pages = {48--56},
	Title = {Sparse principal component analysis for high dimensional multivariate time series},
	Year = {2013}}

@article{d2007direct,
	Author = {d'Aspremont, A. and El Ghaoui, L. and Jordan, M.I. and Lanckriet, G.R.G.},
	Date-Added = {2015-04-23 07:43:58 +0000},
	Date-Modified = {2015-04-23 07:43:58 +0000},
	Journal = {SIAM review},
	Number = {3},
	Pages = {434--448},
	Publisher = {SIAM},
	Title = {A direct formulation for sparse PCA using semidefinite programming},
	Volume = {49},
	Year = {2007}}

@article{zou2006sparse,
	Author = {Zou, Hui and Hastie, Trevor and Tibshirani, Robert},
	Date-Added = {2015-04-23 07:37:32 +0000},
	Date-Modified = {2015-04-23 07:37:32 +0000},
	Journal = {Journal of computational and graphical statistics},
	Number = {2},
	Pages = {265--286},
	Publisher = {Taylor \& Francis},
	Title = {Sparse principal component analysis},
	Volume = {15},
	Year = {2006}}

@article{pearson1901liii,
  title={LIII. On lines and planes of closest fit to systems of points in space},
  author={Pearson, Karl},
  journal={The London, Edinburgh, and Dublin philosophical magazine and journal of science},
  volume={2},
  number={11},
  pages={559--572},
  year={1901},
  publisher={Taylor \& Francis}
}

@article{huba2022papaya,
  title={Papaya: Practical, private, and scalable federated learning},
  author={Huba, Dzmitry and Nguyen, John and Malik, Kshitiz and Zhu, Ruiyu and Rabbat, Mike and Yousefpour, Ashkan and Wu, Carole-Jean and Zhan, Hongyuan and Ustinov, Pavel and Srinivas, Harish and others},
  journal={Proceedings of Machine Learning and Systems},
  volume={4},
  pages={814--832},
  year={2022}
}
@article{dean2012large,
  title={Large scale distributed deep networks},
  author={Dean, Jeffrey and Corrado, Greg and Monga, Rajat and Chen, Kai and Devin, Matthieu and Mao, Mark and Ranzato, Marc'aurelio and Senior, Andrew and Tucker, Paul and Yang, Ke and others},
  journal={Advances in neural information processing systems},
  volume={25},
  year={2012}
}

@article{abadji2022towards,
  title={Towards a cleaner document-oriented multilingual crawled corpus},
  author={Abadji, Julien and Suarez, Pedro Ortiz and Romary, Laurent and Sagot, Beno{\^\i}t},
  journal={arXiv preprint arXiv:2201.06642},
  year={2022}
}

@article{xue2020mt5,
  title={m{T}5: A massively multilingual pre-trained text-to-text transformer},
  author={Xue, Linting and Constant, Noah and Roberts, Adam and Kale, Mihir and Al-Rfou, Rami and Siddhant, Aditya and Barua, Aditya and Raffel, Colin},
  journal={arXiv preprint arXiv:2010.11934},
  year={2020}
}

@article{penedo2024refinedweb,
  title={The refinedweb dataset for falcon llm: Outperforming curated corpora with web data only},
  author={Penedo, Guilherme and Malartic, Quentin and Hesslow, Daniel and Cojocaru, Ruxandra and Alobeidli, Hamza and Cappelli, Alessandro and Pannier, Baptiste and Almazrouei, Ebtesam and Launay, Julien},
  journal={Advances in Neural Information Processing Systems},
  volume={36},
  year={2024}
}

@article{raffel2020exploring,
  title={Exploring the limits of transfer learning with a unified text-to-text transformer},
  author={Raffel, Colin and Shazeer, Noam and Roberts, Adam and Lee, Katherine and Narang, Sharan and Matena, Michael and Zhou, Yanqi and Li, Wei and Liu, Peter J},
  journal={Journal of machine learning research},
  volume={21},
  number={140},
  pages={1--67},
  year={2020}
}

@article{schuhmann2022laion,
  title={Laion-5b: An open large-scale dataset for training next generation image-text models},
  author={Schuhmann, Christoph and Beaumont, Romain and Vencu, Richard and Gordon, Cade and Wightman, Ross and Cherti, Mehdi and Coombes, Theo and Katta, Aarush and Mullis, Clayton and Wortsman, Mitchell and others},
  journal={Advances in Neural Information Processing Systems},
  volume={35},
  pages={25278--25294},
  year={2022}
}

@article{wangDiffusionDBLargescalePrompt2022,
  title = {{{DiffusionDB}}: {{A}} Large-Scale Prompt Gallery Dataset for Text-to-Image Generative Models},
  author = {Wang, Zijie J. and Montoya, Evan and Munechika, David and Yang, Haoyang and Hoover, Benjamin and Chau, Duen Horng},
  year = {2022},
  journal = {arXiv:2210.14896 [cs]},
  url = {https://arxiv.org/abs/2210.14896}
}

@article{dolma,
  title = {{Dolma: an Open Corpus of Three Trillion Tokens for Language Model Pretraining Research}},
  author={
    Luca Soldaini and Rodney Kinney and Akshita Bhagia and Dustin Schwenk and David Atkinson and
    Russell Authur and Ben Bogin and Khyathi Chandu and Jennifer Dumas and Yanai Elazar and
    Valentin Hofmann and Ananya Harsh Jha and Sachin Kumar and Li Lucy and Xinxi Lyu and
    Nathan Lambert and Ian Magnusson and Jacob Morrison and Niklas Muennighoff and Aakanksha Naik and
    Crystal Nam and Matthew E. Peters and Abhilasha Ravichander and Kyle Richardson and Zejiang Shen and
    Emma Strubell and Nishant Subramani and Oyvind Tafjord and Pete Walsh and Luke Zettlemoyer and
    Noah A. Smith and Hannaneh Hajishirzi and Iz Beltagy and Dirk Groeneveld and Jesse Dodge and Kyle Lo
  },
  year = {2024},
  journal={arXiv preprint},
}

@software{penedo2024fineweb,
  author = {Penedo, Guilherme and Kydlíček, Hynek and von Werra, Leandro and Wolf, Thomas},
  title = {Fine{W}eb},
  month = April,
  year = 2024,
  doi = { 10.57967/hf/2092 },
  url = {https://huggingface.co/datasets/HuggingFaceFW/fineweb}
}

@article{meng2016mllib,
  title={M{L}lib: Machine learning in apache spark},
  author={Meng, Xiangrui and Bradley, Joseph and Yavuz, Burak and Sparks, Evan and Venkataraman, Shivaram and Liu, Davies and Freeman, Jeremy and Tsai, DB and Amde, Manish and Owen, Sean and others},
  journal={Journal of Machine Learning Research},
  volume={17},
  number={34},
  pages={1--7},
  year={2016}
}

@software{hadoop,
  author = {{Apache Software Foundation}},
  title = {Hadoop},
  url = {https://hadoop.apache.org},
  version = {0.20.2},
  date = {2010-02-19},
}

@misc{zhong_2019_publaynet,
  author = {Zhong, Xu and Tang, Jianbin and Yepes, Antonio Jimeno},
  month = {08},
  title = {PubLayNet: largest dataset ever for document layout analysis},
  url = {https://arxiv.org/abs/1908.07836},
  year = {2019},
  organization = {arXiv:1908.07836 [cs]}
}

@misc{liu_2023_largest,
  author = {Liu, Xu and Xia, Yutong and Liang, Yuxuan and Hu, Junfeng and Wang, Yiwei and Bai, Lei and Huang, Chao and Liu, Zhenguang and Hooi, Bryan and Zimmermann, Roger},
  month = {11},
  title = {LargeST: A Benchmark Dataset for Large-Scale Traffic Forecasting},
  url = {https://openreview.net/forum?id=loOw3oyhFW},
  urldate = {2024-04-19},
  year = {2023},
  organization = {openreview.net}
}

@misc{kim_optional,
  author = {Kim, Sung and Kang, Jenny},
  title = {Optional: Data Parallelism — PyTorch Tutorials 2.3.0+cu121 documentation},
  url = {https://pytorch.org/tutorials/beginner/blitz/data_parallel_tutorial.html},
  urldate = {2024-04-19},
  organization = {pytorch.org}
}

@article{liang_2018_rllib,
  author = {Liang, Eric and Liaw, Richard and Moritz, Philipp and Nishihara, Robert and Fox, Roy and Goldberg, Ken and Gonzalez, Joseph E. and Jordan, Michael I. and Stoica, Ion},
  month = {06},
  title = {RLlib: Abstractions for Distributed Reinforcement Learning},
  url = {https://arxiv.org/abs/1712.09381},
  year = {2018},
  journal = {arXiv:1712.09381 [cs]}
}

@article{li_2020_pytorch,
  author = {Li, Shen and Zhao, Yanli and Varma, Rohan and Salpekar, Omkar and Noordhuis, Pieter and Li, Teng and Paszke, Adam and Smith, Jeff and Vaughan, Brian and Damania, Pritam and Chintala, Soumith},
  month = {06},
  title = {PyTorch Distributed: Experiences on Accelerating Data Parallel Training},
  url = {https://arxiv.org/abs/2006.15704},
  year = {2020},
  journal = {arXiv:2006.15704 [cs]}
}

@article{shoeybi_2020_megatronlm,
  author = {Shoeybi, Mohammad and Patwary, Mostofa and Puri, Raul and LeGresley, Patrick and Casper, Jared and Catanzaro, Bryan},
  month = {03},
  title = {Megatron-LM: Training Multi-Billion Parameter Language Models Using Model Parallelism},
  url = {https://arxiv.org/abs/1909.08053},
  year = {2020},
  journal = {arXiv:1909.08053 [cs]}
}

@misc{yuan_2022_distributed,
  author = {Yuan, Binhang and Wolfe, Cameron R. and Dun, Chen and Tang, Yuxin and Kyrillidis, Anastasios and Jermaine, Christopher M.},
  month = {04},
  title = {Distributed Learning of Deep Neural Networks using Independent Subnet Training},
  doi = {10.48550/arXiv.1910.02120},
  url = {https://arxiv.org/abs/1910.02120},
  urldate = {2024-04-19},
  year = {2022},
  organization = {arXiv.org}
}

@article{zeng_2024_a,
  author = {Zeng, Yanguo and Xue, Meiting and Xu, Peiran and Shi, Yukun and Zeng, Kaisheng and Zhang, Jilin and Yue, Lupeng},
  month = {01},
  pages = {385-403},
  title = {A Synchronous Parallel Method with Parameters Communication Prediction for Distributed Machine Learning},
  doi = {10.1007/978-3-031-54531-3_21},
  urldate = {2024-04-19},
  volume = {563},
  year = {2024},
  journal = {LNICST}
}

@article{tan_2022_adaptive,
  author = {Tan, Miaoquan and Liu, Wai‐Xi and Luo, Junming and Chen, Haosen and Guo, Zhen‐Zheng},
  month = {09},
  pages = {11713-11741},
  title = {Adaptive synchronous strategy for distributed machine learning},
  doi = {10.1002/int.23060},
  urldate = {2023-05-11},
  volume = {37},
  year = {2022},
  journal = {International Journal of Intelligent Systems}
}

@misc{wang_2023_fluid,
  author = {Wang, Irene and Nair, Prashant J. and Mahajan, Divya},
  month = {09},
  title = {FLuID: Mitigating Stragglers in Federated Learning using Invariant Dropout},
  doi = {10.48550/arXiv.2307.02623},
  url = {https://arxiv.org/abs/2307.02623},
  urldate = {2024-04-19},
  year = {2023},
  organization = {arXiv.org}
}

@misc{ambati_2019_understanding,
  author = {Ambati, Pradeep and Irwin, David and Shenoy, Prashant and Gao, Lixin and Ali-Eldin, Ahmed and Albrecht, Jeannie},
  month = {06},
  title = {Understanding Synchronization Costs for Distributed ML on Transient Cloud Resources},
  url = {https://lass.cs.umass.edu/papers/pdf/ic2e19.pdf},
  urldate = {2024-04-19},
  year = {2019}
}

@misc{barham_2022_pathways,
  author = {Barham, Paul and Chowdhery, Aakanksha and Dean, Jeff and Ghemawat, Sanjay and Hand, Steven and Hurt, Dan and Isard, Michael and Lim, Hyeontaek and Pang, Ruoming and Roy, Sudip and Saeta, Brennan and Schuh, Parker and Sepassi, Ryan and Shafey, Laurent El and Thekkath, Chandramohan A. and Wu, Yonghui},
  month = {03},
  title = {Pathways: Asynchronous Distributed Dataflow for ML},
  doi = {10.48550/arXiv.2203.12533},
  url = {https://arxiv.org/abs/2203.12533},
  year = {2022},
  organization = {arXiv.org}
}

@article{tu_2022_an,
  author = {Tu, Jun and Zhou, Jia and Ren, Donglin},
  month = {11},
  pages = {416-423},
  title = {An asynchronous distributed training algorithm based on Gossip communication and Stochastic Gradient Descent},
  doi = {10.1016/j.comcom.2022.09.010},
  urldate = {2022-10-28},
  volume = {195},
  year = {2022},
  journal = {Computer Communications}
}

@misc{brendan_2016_communicationefficient,
  author = {Brendan, McMahan H and Moore, Eider and Ramage, Daniel and Hampson, Seth and Arcas, Blaise Agüera y},
  title = {Communication-Efficient Learning of Deep Networks from Decentralized Data},
  url = {https://arxiv.org/abs/1602.05629},
  year = {2016},
  organization = {arXiv.org}
}

@article{stripelis_2022_semisynchronous,
  author = {Stripelis, Dimitris and Thompson, Paul M. and Ambite, José Luis},
  month = {10},
  pages = {1-29},
  title = {Semi-Synchronous Federated Learning for Energy-Efficient Training and Accelerated Convergence in Cross-Silo Settings},
  doi = {10.1145/3524885},
  urldate = {2022-06-25},
  volume = {13},
  year = {2022},
  journal = {ACM Transactions on Intelligent Systems and Technology}
}

@misc{tyagi_2023_accelerating,
  author = {Tyagi, Sahil and Swany, Martin},
  month = {10},
  pages = {1–12},
  title = {Accelerating Distributed ML Training via Selective Synchronization},
  doi = {10.1109/CLUSTER52292.2023.00008},
  url = {https://arxiv.org/abs/2307.07950},
  urldate = {2024-04-19},
  year = {2023},
  organization = {arXiv.org}
}

@article{campos_2017_distributed,
  author = {Campos, Víctor and Sastre, Francesc and Yagües, Maurici and Bellver, Míriam and Giró-i-Nieto, Xavier and Torres, Jordi},
  pages = {315-324},
  title = {Distributed training strategies for a computer vision deep learning algorithm on a distributed GPU cluster},
  doi = {10.1016/j.procs.2017.05.074},
  urldate = {2022-05-22},
  volume = {108},
  year = {2017},
  journal = {Procedia Computer Science}
}

@misc{chen_2017_revisiting,
  author = {Chen, Jianmin and Pan, Xinghao and Monga, Rajat and Bengio, Samy and Jozefowicz, Rafal},
  month = {03},
  title = {Revisiting Distributed Synchronous SGD},
  doi = {10.48550/arXiv.1604.00981},
  url = {https://arxiv.org/abs/1604.00981},
  urldate = {2024-04-19},
  year = {2017},
  organization = {arXiv.org}
}

@article{wold_1987_principal,
  author = {Wold, Svante and Esbensen, Kim and Geladi, Paul},
  month = {08},
  pages = {37-52},
  title = {Principal component analysis},
  doi = {10.1016/0169-7439(87)80084-9},
  url = {https://www.sciencedirect.com/science/article/abs/pii/0169743987800849},
  volume = {2},
  year = {1987},
  journal = {Chemometrics and Intelligent Laboratory Systems}
}

@misc{gemp_2020_eigengame,
  author = {Gemp, Ian and McWilliams, Brian and Vernade, Claire and Graepel, Thore},
  month = {10},
  title = {EigenGame: PCA as a Nash Equilibrium},
  url = {https://arxiv.org/abs/2010.00554},
  year = {2020},
  organization = {arXiv.org}
}

@misc{gemp2022eigengame,
      title={EigenGame Unloaded: When playing games is better than optimizing}, 
      author={Ian Gemp and Brian McWilliams and Claire Vernade and Thore Graepel},
      year={2022},
      eprint={2102.04152},
      archivePrefix={arXiv},
      primaryClass={stat.ML}
}

@article{deng2012mnist,
  title={The mnist database of handwritten digit images for machine learning research},
  author={Deng, Li},
  journal={IEEE Signal Processing Magazine},
  volume={29},
  number={6},
  pages={141--142},
  year={2012},
  publisher={IEEE}
}

@techreport{krizhevsky2009learning,
  title={Learning multiple layers of features from tiny images},
  author={Krizhevsky, Alex and Hinton, Geoffrey},
  institution={University of Toronto},
  year={2009},
  number={TR-2009-001},
  type={Technical Report}
}

@misc{he2015deep,
      title={Deep Residual Learning for Image Recognition}, 
      author={Kaiming He and Xiangyu Zhang and Shaoqing Ren and Jian Sun},
      year={2015},
      eprint={1512.03385},
      archivePrefix={arXiv},
      primaryClass={cs.CV}
}

@article{adnan_2021_fast,
  author = {Adnan, T. M. Tariq and Tanjim, Md. Mehrab and Adnan, Muhammad Abdullah},
  month = {05},
  pages = {101710},
  title = {Fast, scalable and geo-distributed PCA for big data analytics},
  doi = {10.1016/j.is.2020.101710},
  volume = {98},
  year = {2021},
  journal = {Information Systems}
}

@software{jax2018github,
  author = {James Bradbury and Roy Frostig and Peter Hawkins and Matthew James Johnson and Chris Leary and Dougal Maclaurin and George Necula and Adam Paszke and Jake Vander{P}las and Skye Wanderman-{M}ilne and Qiao Zhang},
  title = {{JAX}: composable transformations of {P}ython+{N}um{P}y programs},
  url = {http://github.com/google/jax},
  version = {0.3.13},
  year = {2018},
}

@inproceedings{Liang2013DistributedPA,
  title={Distributed PCA and k-Means Clustering},
  author={Yingyu Liang and Maria-Florina Balcan and Vandana Kanchanapally},
  year={2013},
  url={https://api.semanticscholar.org/CorpusID:14820691}
}

@misc{liao2023errorpropagation,
      title={On the Error-Propagation of Inexact Deflation for Principal Component Analysis}, 
      author={Fangshuo Liao and Junhyung Lyle Kim and Cruz Barnum and Anastasios Kyrillidis},
      year={2023},
      eprint={2310.04283},
      archivePrefix={arXiv},
      primaryClass={cs.LG}
}

@article{Chatzigeorgiou_2013,
   title={Bounds on the Lambert Function and Their Application to the Outage Analysis of User Cooperation},
   volume={17},
   ISSN={1089-7798},
   url={http://dx.doi.org/10.1109/LCOMM.2013.070113.130972},
   DOI={10.1109/lcomm.2013.070113.130972},
   number={8},
   journal={IEEE Communications Letters},
   publisher={Institute of Electrical and Electronics Engineers (IEEE)},
   author={Chatzigeorgiou, Ioannis},
   year={2013},
   month=aug, pages={1505–1508} }

@article{davis1970rotation,
 ISSN = {00361429},
 URL = {http://www.jstor.org/stable/2949580},
 abstract = {When a Hermitian linear operator is slightly perturbed, by how much can its invariant subspaces change? Given some approximations to a cluster of neighboring eigenvalues and to the corresponding eigenvectors of a real symmetric matrix, and given an estimate for the gap that separates the cluster from all other eigenvalues, how much can the subspace spanned by the eigenvectors differ from the subspace spanned by our approximations? These questions are closely related; both are investigated here. The difference between the two subspaces is characterized in terms of certain angles through which one subspace must be rotated in order most directly to reach the other. These angles unify the treatment of natural geometric, operator-theoretic and error-analytic questions concerning those subspaces. Sharp bounds upon trigonometric functions of these angles are obtained from the gap and from bounds upon either the perturbation (1st question) or a computable residual (2nd question). An example is included.},
 author = {Chandler Davis and W. M. Kahan},
 journal = {SIAM Journal on Numerical Analysis},
 number = {1},
 pages = {1--46},
 publisher = {Society for Industrial and Applied Mathematics},
 title = {The Rotation of Eigenvectors by a Perturbation. III},
 urldate = {2024-01-08},
 volume = {7},
 year = {1970}
}

@INPROCEEDINGS{imagenet2009deng,
  author={Deng, Jia and Dong, Wei and Socher, Richard and Li, Li-Jia and Kai Li and Li Fei-Fei},
  booktitle={2009 IEEE Conference on Computer Vision and Pattern Recognition}, 
  title={ImageNet: A large-scale hierarchical image database}, 
  year={2009},
  volume={},
  number={},
  pages={248-255},
  keywords={Large-scale systems;Image databases;Explosions;Internet;Robustness;Information retrieval;Image retrieval;Multimedia databases;Ontologies;Spine},
  doi={10.1109/CVPR.2009.5206848}}

@inproceedings{adiwardana2020towards,
  title={Towards a human-like open-domain chatbot},
  author={Adiwardana, Daniel and Luong, Minh-Thang and So, David R. and Hall, Kristen and Fiedel, Noah and Thoppilan, Rajesh and Bapna, Ankur and Jiang, Ming and Le, Quoc V. and Ramasamy, Shankar and others},
  booktitle={Proceedings of the 2020 Conference on Neural Information Processing Systems (NeurIPS)},
  year={2020},
  url={https://arxiv.org/abs/2001.09977}
}

@book{golub1996matrix,
  author    = {Gene H. Golub and Charles F. Van Loan},
  title     = {Matrix Computations},
  edition   = {3rd},
  year      = {1996},
  publisher = {Johns Hopkins University Press},
  address   = {Baltimore, MD},
}

@article{dhillon2000xlahqr,
  author    = {Inderjit S. Dhillon and Beresford N. Parlett},
  title     = {The Design and Implementation of the xLAHQR Algorithm for Eigenvalue Computations},
  journal   = {ACM Transactions on Mathematical Software},
  volume    = {26},
  number    = {1},
  year      = {2000},
  pages     = {1--15},
  doi       = {10.1145/344875.344884},
}

@article{lanczos1950iteration,
  author    = {C. Lanczos},
  title     = {An Iteration Method for the Solution of the Eigenvalue Problem of Linear Differential and Integral Operators},
  journal   = {Journal of Research of the National Bureau of Standards},
  volume    = {45},
  number    = {4},
  year      = {1950},
  pages     = {255--282},
  doi       = {10.6028/jres.045.026},
}

@book{lehoucq1998arpack,
  author    = {R. B. Lehoucq and D. C. Sorensen and C. Yang},
  title     = {ARPACK Users' Guide: Solution of Large-Scale Eigenvalue Problems by Implicitly Restarted Arnoldi Methods},
  year      = {1998},
  publisher = {Society for Industrial and Applied Mathematics (SIAM)},
  address   = {Philadelphia, PA},
  isbn      = {978-0-89871-418-0},
}

@manual{scalapack1997,
  author       = {Jack Dongarra and Iain S. Duff and Jeremy Du Croz and Sven Hammarling},
  title        = {ScaLAPACK: A Scalable Linear Algebra Library for Distributed Memory Computers},
  year         = {1997},
  note         = {Version 1.8},
  url          = {https://www.netlib.org/scalapack/},
}
