@article{breiman2001random,
  title={Random forests},
  author={Breiman, Leo},
  journal={Machine learning},
  volume={45},
  pages={5--32},
  year={2001},
  publisher={Springer}
}

@article{chawla2002smote,
  title={SMOTE: synthetic minority over-sampling technique},
  author={Chawla, Nitesh V and Bowyer, Kevin W and Hall, Lawrence O and Kegelmeyer, W Philip},
  journal={Journal of artificial intelligence research},
  volume={16},
  pages={321--357},
  year={2002}
}

@article{doshi2017towards,
  title={Towards a rigorous science of interpretable machine learning},
  author={Doshi-Velez, Finale and Kim, Been},
  journal={arXiv preprint arXiv:1702.08608},
  year={2017}
}

@article{feurer2015efficient,
  title={Efficient and robust automated machine learning},
  author={Feurer, Matthias and Klein, Aaron and Eggensperger, Katharina and Springenberg, Jost and Blum, Manuel and Hutter, Frank},
  journal={Advances in neural information processing systems},
  volume={28},
  year={2015}
}

@article{he2009learning,
  title={Learning from imbalanced data},
  author={He, Haibo and Garcia, Edwardo A},
  journal={IEEE Transactions on knowledge and data engineering},
  volume={21},
  number={9},
  pages={1263--1284},
  year={2009},
  publisher={Ieee}
}

@inproceedings{lea2016segmental,
  title={Segmental spatiotemporal cnns for fine-grained action segmentation},
  author={Lea, Colin and Reiter, Austin and Vidal, Ren{\'e} and Hager, Gregory D},
  booktitle={Computer Vision--ECCV 2016: 14th European Conference, Amsterdam, The Netherlands, October 11-14, 2016, Proceedings, Part III 14},
  pages={36--52},
  year={2016},
  organization={Springer}
}

@article{rudin2019stop,
  title={Stop explaining black box machine learning models for high stakes decisions and use interpretable models instead},
  author={Rudin, Cynthia},
  journal={Nature machine intelligence},
  volume={1},
  number={5},
  pages={206--215},
  year={2019},
  publisher={Nature Publishing Group UK London}
}

@article{salvador2024effects,
  title={Effects of Real Time Feedback on Novice's Laparoscopic Learning Curve},
  author={Salvador, Montoya-Alvarez and Arturo, Minor-Mart{\'\i}nez and Fernando, P{\'e}rez-Escamirosa and Danely, M{\'e}ndez-G{\'o}mez Dalia and Jorge, Ru{\'\i}z-Liz{\'a}rraga and Roberto, S{\'a}nchez-Medina and Rafael, Rodr{\'\i}guez-Bonaparte Jos{\'e} and Jes{\'u}s, Tapia-Jurado},
  journal={Journal of Surgical Education},
  year={2024},
  publisher={Elsevier}
}

@article{twinanda2016endonet,
  title={Endonet: a deep architecture for recognition tasks on laparoscopic videos},
  author={Twinanda, Andru P and Shehata, Sherif and Mutter, Didier and Marescaux, Jacques and De Mathelin, Michel and Padoy, Nicolas},
  journal={IEEE transactions on medical imaging},
  volume={36},
  number={1},
  pages={86--97},
  year={2016},
  publisher={IEEE}
}

