


%  Ref 1
@article{chawla2002smote,
  title={SMOTE: synthetic minority over-sampling technique},
  author={Chawla, Nitesh V and Bowyer, Kevin W and Hall, Lawrence O and Kegelmeyer, W Philip},
  journal={Journal of artificial intelligence research},
  volume={16},
  pages={321--357},
  year={2002}
}



%  Ref 2
@article{zhan2020expected,
  title={Expected improvement for expensive optimization: a review},
  author={Zhan, Dawei and Xing, Huanlai},
  journal={Journal of Global Optimization},
  volume={78},
  number={3},
  pages={507--544},
  year={2020},
  publisher={Springer}
}

%  Ref 3
@article{bergstra2011algorithms,
  title={Algorithms for hyper-parameter optimization},
  author={Bergstra, James and Bardenet, R{\'e}mi and Bengio, Yoshua and K{\'e}gl, Bal{\'a}zs},
  journal={Advances in neural information processing systems},
  volume={24},
  year={2011}
}


%  Ref 4
@article{dong2020survey,
  title={A survey on ensemble learning},
  author={Dong, Xibin and Yu, Zhiwen and Cao, Wenming and Shi, Yifan and Ma, Qianli},
  journal={Frontiers of Computer Science},
  volume={14},
  pages={241--258},
  year={2020},
  publisher={Springer}
}


%  Ref 5
@inproceedings{leon2017evaluating,
  title={Evaluating the effect of voting methods on ensemble-based classification},
  author={Leon, Florin and Floria, Sabina-Adriana and B{\u{a}}dic{\u{a}}, Costin},
  booktitle={2017 IEEE international conference on INnovations in intelligent Systems and applications (INISTA)},
  pages={1--6},
  year={2017},
  organization={IEEE}
}


%  Ref 6
@article{madhok2022safety,
  title={Safety considerations in laparoscopic surgery: A narrative review},
  author={Madhok, Brij and Nanayakkara, Kushan and Mahawar, Kamal},
  journal={World journal of gastrointestinal endoscopy},
  volume={14},
  number={1},
  pages={1},
  year={2022},
  publisher={Baishideng Publishing Group Inc}
}

%  Ref 7
@article{basunbul2022recent,
  title={Recent technical developments in the field of laparoscopic surgery: a literature review},
  author={Basunbul, Lama Islem and Alhazmi, Lenah Sulaiman S and Almughamisi, Shahad Amro and Aljuaid, Najd Muhammed and Rizk, Hisham and Moshref, Rana},
  journal={Cureus},
  volume={14},
  number={2},
  year={2022},
  publisher={Cureus Inc.}
}



%  Ref 8
@article{stulberg2020association,
  title={Association between surgeon technical skills and patient outcomes},
  author={Stulberg, Jonah J and Huang, Reiping and Kreutzer, Lindsey and Ban, Kristen and Champagne, Bradley J and Steele, Scott R and Johnson, Julie K and Holl, Jane L and Greenberg, Caprice C and Bilimoria, Karl Y},
  journal={JAMA surgery},
  volume={155},
  number={10},
  pages={960--968},
  year={2020},
  publisher={American Medical Association}
}

%  Ref 9
@article{sanchez2020comparative,
  title={Comparative study of the use of different sizes of an ergonomic instrument handle for laparoscopic surgery},
  author={Sanchez-Margallo, Juan A and Gonzalez Gonzalez, Alfonso and Garcia Moruno, Lorenzo and G{\'o}mez-Blanco, J Carlos and Pagador, J Blas and Sanchez-Margallo, Francisco M},
  journal={Applied Sciences},
  volume={10},
  number={4},
  pages={1526},
  year={2020},
  publisher={MDPI}
}


%  Ref 10
@article{hong2021simulation,
  title={Simulation-based surgical training systems in laparoscopic surgery: a current review},
  author={Hong, Minsik and Rozenblit, Jerzy W and Hamilton, Allan J},
  journal={Virtual Reality},
  volume={25},
  number={2},
  pages={491--510},
  year={2021},
  publisher={Springer}
}

%  Ref 11
@article{van2020bimanual,
  title={Bimanual fundamentals: validation of a new curriculum for virtual reality training of laparoscopic skills},
  author={van Ginkel, Martijn PH and Schijven, Marlies P and van Grevenstein, Wilhelmina MU and Schreuder, Henk WR},
  journal={Surgical innovation},
  volume={27},
  number={5},
  pages={523--533},
  year={2020},
  publisher={SAGE Publications Sage CA: Los Angeles, CA}
}



@article{hashimoto2018artificial,
  title={Artificial intelligence in surgery: promises and perils},
  author={Hashimoto, Daniel A and Rosman, Guy and Rus, Daniela and Meireles, Ozanan R},
  journal={Annals of surgery},
  volume={268},
  number={1},
  pages={70--76},
  year={2018},
  publisher={LWW}
}



@article{larsen2009effect,
  title={Effect of virtual reality training on laparoscopic surgery: randomised controlled trial},
  author={Larsen, Christian R and Soerensen, Jette L and Grantcharov, Teodor P and Dalsgaard, Torur and Schouenborg, Lars and Ottosen, Christian and Schroeder, Torben V and Ottesen, Bent S},
  journal={Bmj},
  volume={338},
  year={2009},
  publisher={British Medical Journal Publishing Group}
}



@article{johnson2019survey,
  title={Survey on deep learning with class imbalance},
  author={Johnson, Justin M and Khoshgoftaar, Taghi M},
  journal={Journal of big data},
  volume={6},
  number={1},
  pages={1--54},
  year={2019},
  publisher={Springer}
}


@article{he2009learning,
  title={Learning from imbalanced data},
  author={He, Haibo and Garcia, Edwardo A},
  journal={IEEE Transactions on knowledge and data engineering},
  volume={21},
  number={9},
  pages={1263--1284},
  year={2009},
  publisher={Ieee}
}


@article{krawczyk2016learning,
  title={Learning from imbalanced data: open challenges and future directions},
  author={Krawczyk, Bartosz},
  journal={Progress in artificial intelligence},
  volume={5},
  number={4},
  pages={221--232},
  year={2016},
  publisher={Springer}
}



@article{rudin2019stop,
  title={Stop explaining black box machine learning models for high stakes decisions and use interpretable models instead},
  author={Rudin, Cynthia},
  journal={Nature machine intelligence},
  volume={1},
  number={5},
  pages={206--215},
  year={2019},
  publisher={Nature Publishing Group UK London}
}

@article{tjoa2020survey,
  title={A survey on explainable artificial intelligence (xai): Toward medical xai},
  author={Tjoa, Erico and Guan, Cuntai},
  journal={IEEE transactions on neural networks and learning systems},
  volume={32},
  number={11},
  pages={4793--4813},
  year={2020},
  publisher={IEEE}
}


@article{lecun2015deep,
  title={Deep learning},
  author={LeCun, Yann and Bengio, Yoshua and Hinton, Geoffrey},
  journal={nature},
  volume={521},
  number={7553},
  pages={436--444},
  year={2015},
  publisher={Nature Publishing Group UK London}
}


@article{esteva2021deep,
  title={Deep learning-enabled medical computer vision},
  author={Esteva, Andre and Chou, Katherine and Yeung, Serena and Naik, Nikhil and Madani, Ali and Mottaghi, Ali and Liu, Yun and Topol, Eric and Dean, Jeff and Socher, Richard},
  journal={NPJ digital medicine},
  volume={4},
  number={1},
  pages={5},
  year={2021},
  publisher={Nature Publishing Group UK London}
}


@article{topol2019high,
  title={High-performance medicine: the convergence of human and artificial intelligence},
  author={Topol, Eric J},
  journal={Nature medicine},
  volume={25},
  number={1},
  pages={44--56},
  year={2019},
  publisher={Nature Publishing Group US New York}
}


@article{aggarwal2010training,
  title={Training and simulation for patient safety},
  author={Aggarwal, Rajesh and Mytton, Oliver T and Derbrew, Milliard and Hananel, David and Heydenburg, Mark and Issenberg, Barry and MacAulay, Catherine and Mancini, Mary Elizabeth and Morimoto, Takeshi and Soper, Nathaniel and others},
  journal={BMJ Quality \& Safety},
  volume={19},
  number={Suppl 2},
  pages={i34--i43},
  year={2010},
  publisher={BMJ Publishing Group Ltd}
}



@article{sinha2023current,
  title={Current practises and the future of robotic surgical training},
  author={Sinha, Ankit and West, Alexander and Vasdev, Nikhil and Sooriakumaran, Prasanna and Rane, Abhay and Dasgupta, Prokar and McKirdy, Michael},
  journal={The Surgeon},
  volume={21},
  number={5},
  pages={314--322},
  year={2023},
  publisher={Elsevier}
}


%  related work 
@inproceedings{lea2016segmental,
  title={Segmental spatiotemporal cnns for fine-grained action segmentation},
  author={Lea, Colin and Reiter, Austin and Vidal, Ren{\'e} and Hager, Gregory D},
  booktitle={Computer Vision--ECCV 2016: 14th European Conference, Amsterdam, The Netherlands, October 11-14, 2016, Proceedings, Part III 14},
  pages={36--52},
  year={2016},
  organization={Springer}
}


@article{twinanda2016endonet,
  title={Endonet: a deep architecture for recognition tasks on laparoscopic videos},
  author={Twinanda, Andru P and Shehata, Sherif and Mutter, Didier and Marescaux, Jacques and De Mathelin, Michel and Padoy, Nicolas},
  journal={IEEE transactions on medical imaging},
  volume={36},
  number={1},
  pages={86--97},
  year={2016},
  publisher={IEEE}
}



@article{chawla2002smote,
  title={SMOTE: synthetic minority over-sampling technique},
  author={Chawla, Nitesh V and Bowyer, Kevin W and Hall, Lawrence O and Kegelmeyer, W Philip},
  journal={Journal of artificial intelligence research},
  volume={16},
  pages={321--357},
  year={2002}
}


@article{he2009learning,
  title={Learning from imbalanced data},
  author={He, Haibo and Garcia, Edwardo A},
  journal={IEEE Transactions on knowledge and data engineering},
  volume={21},
  number={9},
  pages={1263--1284},
  year={2009},
  publisher={Ieee}
}


@article{doshi2017towards,
  title={Towards a rigorous science of interpretable machine learning},
  author={Doshi-Velez, Finale and Kim, Been},
  journal={arXiv preprint arXiv:1702.08608},
  year={2017}
}



@article{breiman2001random,
  title={Random forests},
  author={Breiman, Leo},
  journal={Machine learning},
  volume={45},
  pages={5--32},
  year={2001},
  publisher={Springer}
}


@article{feurer2015efficient,
  title={Efficient and robust automated machine learning},
  author={Feurer, Matthias and Klein, Aaron and Eggensperger, Katharina and Springenberg, Jost and Blum, Manuel and Hutter, Frank},
  journal={Advances in neural information processing systems},
  volume={28},
  year={2015}
}


@article{salvador2024effects,
  title={Effects of Real Time Feedback on Novice's Laparoscopic Learning Curve},
  author={Salvador, Montoya-Alvarez and Arturo, Minor-Mart{\'\i}nez and Fernando, P{\'e}rez-Escamirosa and Danely, M{\'e}ndez-G{\'o}mez Dalia and Jorge, Ru{\'\i}z-Liz{\'a}rraga and Roberto, S{\'a}nchez-Medina and Rafael, Rodr{\'\i}guez-Bonaparte Jos{\'e} and Jes{\'u}s, Tapia-Jurado},
  journal={Journal of Surgical Education},
  year={2024},
  publisher={Elsevier}
}



@article{hall2009weka,
  title={The WEKA data mining software: an update},
  author={Hall, Mark and Frank, Eibe and Holmes, Geoffrey and Pfahringer, Bernhard and Reutemann, Peter and Witten, Ian H},
  journal={ACM SIGKDD explorations newsletter},
  volume={11},
  number={1},
  pages={10--18},
  year={2009},
  publisher={ACM New York, NY, USA}
}


@inproceedings{thornton2013auto,
  title={Auto-WEKA: Combined selection and hyperparameter optimization of classification algorithms},
  author={Thornton, Chris and Hutter, Frank and Hoos, Holger H and Leyton-Brown, Kevin},
  booktitle={Proceedings of the 19th ACM SIGKDD international conference on Knowledge discovery and data mining},
  pages={847--855},
  year={2013}
}





@article{brochu2010tutorial,
  title={A tutorial on Bayesian optimization of expensive cost functions, with application to active user modeling and hierarchical reinforcement learning},
  author={Brochu, Eric and Cora, Vlad M and De Freitas, Nando},
  journal={arXiv preprint arXiv:1012.2599},
  year={2010}
}




@inproceedings{hutter2011sequential,
  title={Sequential model-based optimization for general algorithm configuration},
  author={Hutter, Frank and Hoos, Holger H and Leyton-Brown, Kevin},
  booktitle={Learning and Intelligent Optimization: 5th International Conference, LION 5, Rome, Italy, January 17-21, 2011. Selected Papers 5},
  pages={507--523},
  year={2011},
  organization={Springer}
}



@article{guyon2010model,
  title={Model selection: beyond the bayesian/frequentist divide.},
  author={Guyon, Isabelle and Saffari, Amir and Dror, Gideon and Cawley, Gavin},
  journal={Journal of Machine Learning Research},
  volume={11},
  number={1},
  year={2010}
}


@inproceedings{lacoste2014agnostic,
  title={Agnostic Bayesian learning of ensembles},
  author={Lacoste, Alexandre and Marchand, Mario and Laviolette, Fran{\c{c}}ois and Larochelle, Hugo},
  booktitle={International Conference on Machine Learning},
  pages={611--619},
  year={2014},
  organization={PMLR}
}


@inproceedings{hutter2011sequential,
  title={Sequential model-based optimization for general algorithm configuration},
  author={Hutter, Frank and Hoos, Holger H and Leyton-Brown, Kevin},
  booktitle={Learning and Intelligent Optimization: 5th International Conference, LION 5, Rome, Italy, January 17-21, 2011. Selected Papers 5},
  pages={507--523},
  year={2011},
  organization={Springer}
}




@article{zhao2017convolutional,
  title={Convolutional neural networks for time series classification},
  author={Zhao, Bendong and Lu, Huanzhang and Chen, Shangfeng and Liu, Junliang and Wu, Dongya},
  journal={Journal of systems engineering and electronics},
  volume={28},
  number={1},
  pages={162--169},
  year={2017},
  publisher={BIAI}
}


@inproceedings{zhang2020tapnet,
  title={Tapnet: Multivariate time series classification with attentional prototypical network},
  author={Zhang, Xuchao and Gao, Yifeng and Lin, Jessica and Lu, Chang-Tien},
  booktitle={Proceedings of the AAAI conference on artificial intelligence},
  volume={34},
  number={04},
  pages={6845--6852},
  year={2020}
}


@inproceedings{wang2017time,
  title={Time series classification from scratch with deep neural networks: A strong baseline},
  author={Wang, Zhiguang and Yan, Weizhong and Oates, Tim},
  booktitle={2017 International joint conference on neural networks (IJCNN)},
  pages={1578--1585},
  year={2017},
  organization={IEEE}
}


@article{ismail2020inceptiontime,
  title={Inceptiontime: Finding alexnet for time series classification},
  author={Ismail Fawaz, Hassan and Lucas, Benjamin and Forestier, Germain and Pelletier, Charlotte and Schmidt, Daniel F and Weber, Jonathan and Webb, Geoffrey I and Idoumghar, Lhassane and Muller, Pierre-Alain and Petitjean, Fran{\c{c}}ois},
  journal={Data Mining and Knowledge Discovery},
  volume={34},
  number={6},
  pages={1936--1962},
  year={2020},
  publisher={Springer}
}


@article{zhang2024bayesian,
  title={Bayesian optimization with formal safety guarantees via online conformal prediction},
  author={Zhang, Yunchuan and Park, Sangwoo and Simeone, Osvaldo},
  journal={IEEE Journal of Selected Topics in Signal Processing},
  year={2024},
  publisher={IEEE}
}



@article{sarker2008constructing,
  title={Constructing hierarchical task analysis in surgery},
  author={Sarker, Sudip K and Chang, Avril and Albrani, Tark and Vincent, Charles},
  journal={Surgical endoscopy},
  volume={22},
  pages={107--111},
  year={2008},
  publisher={Springer}
}




@article{lalys2014surgical,
  title={Surgical process modelling: a review},
  author={Lalys, Florent and Jannin, Pierre},
  journal={International journal of computer assisted radiology and surgery},
  volume={9},
  pages={495--511},
  year={2014},
  publisher={Springer}
}



















