% newly added
@article{anderson1991discussion,
  title={Discussion: the Kermack-McKendrick epidemic threshold theorem},
  author={Anderson, Roy M},
  journal={Bulletin of mathematical biology},
  volume={53},
  number={1},
  pages={1--32},
  year={1991},
  publisher={Springer}
}

@article{wang2014dynamical,
  title={Dynamical complexity induced by Allee effect in a predator--prey model},
  author={Wang, Weiming and Zhu, Ya-nuo and Cai, Yongli and Wang, Wenjuan},
  journal={Nonlinear Analysis: Real World Applications},
  volume={16},
  pages={103--119},
  year={2014},
  publisher={Elsevier}
}

@inproceedings{lorenz1962statistical,
  title={The statistical prediction of solutions of dynamical equations},
  author={Lorenz, Edward N},
  booktitle={Proceedings of the International Symposium on Numerical Weather Prediction, 1962},
  year={1962},
  organization={Meteor. Soc. Japan}
}

@book{sparrow2012lorenz,
  title={The Lorenz equations: bifurcations, chaos, and strange attractors},
  author={Sparrow, Colin},
  volume={41},
  year={2012},
  publisher={Springer Science \& Business Media}
}

@article{stephens1999allee,
  title={What is the Allee effect?},
  author={Stephens, Philip A and Sutherland, William J and Freckleton, Robert P},
  journal={Oikos},
  pages={185--190},
  year={1999},
  publisher={JSTOR}
}



@article{tyson2002dynamics,
  title={The dynamics of cell cycle regulation},
  author={Tyson, John J and Csikasz-Nagy, Attila and Novak, Bela},
  journal={Bioessays},
  volume={24},
  number={12},
  pages={1095--1109},
  year={2002},
  publisher={Wiley Online Library}
}

@article{simchony1990direct,
  title={Direct analytical methods for solving Poisson equations in computer vision problems},
  author={Simchony, Tal and Chellappa, Rama and Shao, Min},
  journal={IEEE transactions on pattern analysis and machine intelligence},
  volume={12},
  number={5},
  pages={435--446},
  year={1990},
  publisher={IEEE}
}

@book{tikhonov2013equations,
  title={Equations of mathematical physics},
  author={Tikhonov, Andre},
  year={2013},
  publisher={Courier Corporation}
}

@book{constantin2020navier,
  title={Navier-stokes equations},
  author={Constantin, Peter and Foias, Ciprian},
  year={2020},
  publisher={University of Chicago Press}
}

@book{reddy2019introduction,
  title={Introduction to the finite element method},
  author={Reddy, Junuthula Narasimha},
  year={2019},
  publisher={McGraw-Hill Education}
}

@book{grossmann2007numerical,
  title={Numerical treatment of partial differential equations},
  author={Grossmann, Christian and Roos, Hans-G{\"o}rg and Stynes, Martin},
  volume={154},
  year={2007},
  publisher={Springer}
}

@article{eymard2000finite,
  title={Finite volume methods},
  author={Eymard, Robert and Gallou{\"e}t, Thierry and Herbin, Rapha{\`e}le},
  journal={Handbook of numerical analysis},
  volume={7},
  pages={713--1018},
  year={2000},
  publisher={Elsevier}
}

@article{raissi2019physics,
  title={Physics-informed neural networks: A deep learning framework for solving forward and inverse problems involving nonlinear partial differential equations},
  author={Raissi, Maziar and Perdikaris, Paris and Karniadakis, George E},
  journal={Journal of Computational physics},
  volume={378},
  pages={686--707},
  year={2019},
  publisher={Elsevier}
}

% <old_parts>
@article{sun2020surrogate,
  title={Surrogate modeling for fluid flows based on physics-constrained deep learning without simulation data},
  author={Sun, Luning and Gao, Han and Pan, Shaowu and Wang, Jian-Xun},
  journal={Computer Methods in Applied Mechanics and Engineering},
  volume={361},
  pages={112732},
  year={2020},
  publisher={Elsevier}
}

@article{raissi2019deep,
  title={Deep learning of vortex-induced vibrations},
  author={Raissi, Maziar and Wang, Zhicheng and Triantafyllou, Michael S and Karniadakis, George Em},
  journal={Journal of Fluid Mechanics},
  volume={861},
  pages={119--137},
  year={2019},
  publisher={Cambridge University Press}
}

@article{jin2021nsfnets,
  title={NSFnets (Navier-Stokes flow nets): Physics-informed neural networks for the incompressible Navier-Stokes equations},
  author={Jin, Xiaowei and Cai, Shengze and Li, Hui and Karniadakis, George Em},
  journal={Journal of Computational Physics},
  volume={426},
  pages={109951},
  year={2021},
  publisher={Elsevier}
}

@article{kissas2020machine,
  title={Machine learning in cardiovascular flows modeling: Predicting arterial blood pressure from non-invasive 4D flow MRI data using physics-informed neural networks},
  author={Kissas, Georgios and Yang, Yibo and Hwuang, Eileen and Witschey, Walter R and Detre, John A and Perdikaris, Paris},
  journal={Computer Methods in Applied Mechanics and Engineering},
  volume={358},
  pages={112623},
  year={2020},
  publisher={Elsevier}
}

@article{sahli2020physics,
  title={Physics-informed neural networks for cardiac activation mapping},
  author={Sahli Costabal, Francisco and Yang, Yibo and Perdikaris, Paris and Hurtado, Daniel E and Kuhl, Ellen},
  journal={Frontiers in Physics},
  volume={8},
  pages={42},
  year={2020},
  publisher={Frontiers Media SA}
}

@article{krishnapriyan2021characterizing,
  title={Characterizing possible failure modes in physics-informed neural networks},
  author={Krishnapriyan, Aditi and Gholami, Amir and Zhe, Shandian and Kirby, Robert and Mahoney, Michael W},
  journal={Advances in Neural Information Processing Systems},
  volume={34},
  pages={26548--26560},
  year={2021}
}

@article{lu2021learning,
  title={Learning nonlinear operators via DeepONet based on the universal approximation theorem of operators},
  author={Lu, Lu and Jin, Pengzhan and Pang, Guofei and Zhang, Zhongqiang and Karniadakis, George Em},
  journal={Nature Machine Intelligence},
  volume={3},
  number={3},
  pages={218--229},
  year={2021},
  publisher={Nature Publishing Group}
}

@article{sun2020theory,
  title={A theory-guided deep-learning formulation and optimization of seismic waveform inversion},
  author={Sun, Jian and Niu, Zhan and Innanen, Kristopher A and Li, Junxiao and Trad, Daniel O},
  journal={Geophysics},
  volume={85},
  number={2},
  pages={R87--R99},
  year={2020},
  publisher={Society of Exploration Geophysicists}
}

@article{behler2007generalized,
  title={Generalized neural-network representation of high-dimensional potential-energy surfaces},
  author={Behler, J{\"o}rg and Parrinello, Michele},
  journal={Physical review letters},
  volume={98},
  number={14},
  pages={146401},
  year={2007},
  publisher={APS}
}

@article{zhang2018deep,
  title={Deep learning for sentiment analysis: A survey},
  author={Zhang, Lei and Wang, Shuai and Liu, Bing},
  journal={Wiley Interdisciplinary Reviews: Data Mining and Knowledge Discovery},
  volume={8},
  number={4},
  pages={e1253},
  year={2018},
  publisher={Wiley Online Library}
}

@inproceedings{daw2020physics,
  title={Physics-guided architecture (pga) of neural networks for quantifying uncertainty in lake temperature modeling},
  author={Daw, Arka and Thomas, R Quinn and Carey, Cayelan C and Read, Jordan S and Appling, Alison P and Karpatne, Anuj},
  booktitle={Proceedings of the 2020 siam international conference on data mining},
  pages={532--540},
  year={2020},
  organization={SIAM}
}

@inproceedings{muralidhar2020phynet,
  title={Phynet: Physics guided neural networks for particle drag force prediction in assembly},
  author={Muralidhar, Nikhil and Bu, Jie and Cao, Ze and He, Long and Ramakrishnan, Naren and Tafti, Danesh and Karpatne, Anuj},
  booktitle={Proceedings of the 2020 SIAM International Conference on Data Mining},
  pages={559--567},
  year={2020},
  organization={SIAM}
}

% </old_parts>

@inproceedings{silvescu1999fourier,
  title={Fourier neural networks},
  author={Silvescu, Adrian},
  booktitle={IJCNN'99. International Joint Conference on Neural Networks. Proceedings (Cat. No. 99CH36339)},
  volume={1},
  pages={488--491},
  year={1999},
  organization={IEEE}
}

@article{li2020fourier,
  title={Fourier neural operator for parametric partial differential equations},
  author={Li, Zongyi and Kovachki, Nikola and Azizzadenesheli, Kamyar and Liu, Burigede and Bhattacharya, Kaushik and Stuart, Andrew and Anandkumar, Anima},
  journal={arXiv preprint arXiv:2010.08895},
  year={2020}
}

@article{kremling2007analysis,
  title={Analysis of global control of Escherichia coli carbohydrate uptake},
  author={Kremling, Andreas and Bettenbrock, Katja and Gilles, Ernst Dieter},
  journal={BMC systems biology},
  volume={1},
  number={1},
  pages={1--16},
  year={2007},
  publisher={Springer}
}

@article{peng2016prediction,
  title={Prediction of treatment efficacy for prostate cancer using a mathematical model},
  author={Peng, Huiming and Zhao, Weiling and Tan, Hua and Ji, Zhiwei and Li, Jingsong and Li, King and Zhou, Xiaobo},
  journal={Scientific reports},
  volume={6},
  number={1},
  pages={1--13},
  year={2016},
  publisher={Nature Publishing Group}
}

@article{peng2013modeling,
  title={Modeling cell--cell interactions in regulating multiple myeloma initiating cell fate},
  author={Peng, Tao and Peng, Huiming and Choi, Dong Soon and Su, Jing and Chang, Chung-Che and Zhou, Xiaobo},
  journal={IEEE journal of biomedical and health informatics},
  volume={18},
  number={2},
  pages={484--491},
  year={2013},
  publisher={IEEE}
}

@article{peng2011drug,
  title={Drug inhibition profile prediction for NF$\kappa$B pathway in multiple myeloma},
  author={Peng, Huiming and Wen, Jianguo and Li, Hongwei and Chang, Jeff and Zhou, Xiaobo},
  journal={PloS one},
  volume={6},
  number={3},
  pages={e14750},
  year={2011},
  publisher={Public Library of Science San Francisco, USA}
}

@article{yin2014synergistic,
  title={Synergistic and antagonistic drug combinations depend on network topology},
  author={Yin, Ning and Ma, Wenzhe and Pei, Jianfeng and Ouyang, Qi and Tang, Chao and Lai, Luhua},
  journal={PloS one},
  volume={9},
  number={4},
  pages={e93960},
  year={2014},
  publisher={Public Library of Science San Francisco, USA}
}

@article{finn2011switching,
  title={A switching mechanism in doxorubicin bioactivation can be exploited to control doxorubicin toxicity},
  author={Finn, Nnenna A and Findley, Harry W and Kemp, Melissa L},
  journal={PLoS computational biology},
  volume={7},
  number={9},
  pages={e1002151},
  year={2011},
  publisher={Public Library of Science San Francisco, USA}
}

@article{covert2008integrating,
  title={Integrating metabolic, transcriptional regulatory and signal transduction models in Escherichia coli},
  author={Covert, Markus W and Xiao, Nan and Chen, Tiffany J and Karr, Jonathan R},
  journal={Bioinformatics},
  volume={24},
  number={18},
  pages={2044--2050},
  year={2008},
  publisher={Oxford University Press}
}

@book{van1992stochastic,
  title={Stochastic processes in physics and chemistry},
  author={Van Kampen, Nicolaas Godfried},
  volume={1},
  year={1992},
  publisher={Elsevier}
}

@article{gillespie2001approximate,
  title={Approximate accelerated stochastic simulation of chemically reacting systems},
  author={Gillespie, Daniel T},
  journal={The Journal of chemical physics},
  volume={115},
  number={4},
  pages={1716--1733},
  year={2001},
  publisher={American Institute of Physics}
}

@article{kolev2012adaptive,
  title={Adaptive immunity and CTL differentiation-a kinetic modeling approach.},
  author={Kolev, Mikhail and Korpusik, Adam and Markovska, Ana},
  journal={Mathematics in Engineering, Science \& Aerospace (MESA)},
  volume={3},
  number={3},
  year={2012}
}

@inproceedings{kolev2012mathematical,
  title={On a mathematical model of adaptive immune response to viral infection},
  author={Kolev, Mikhail and Markovska, Ana and Korpusik, Adam},
  booktitle={International Conference on Numerical Analysis and Its Applications},
  pages={355--362},
  year={2012},
  organization={Springer}
}

@article{chen2005stochastic,
  title={Stochastic modeling of nonlinear epidemiology},
  author={Chen, Wei-Yin and Bokka, Sankar},
  journal={Journal of theoretical biology},
  volume={234},
  number={4},
  pages={455--470},
  year={2005},
  publisher={Elsevier}
}


@book{rao2002probabilistic,
  title={Probabilistic models of the brain: Perception and neural function},
  author={Rao, Rajesh PN and Olshausen, Bruno A and Lewicki, Michael S},
  year={2002},
  publisher={MIT press}
}

@book{durbin1998biological,
  title={Biological sequence analysis: probabilistic models of proteins and nucleic acids},
  author={Durbin, Richard and Eddy, Sean R and Krogh, Anders and Mitchison, Graeme},
  year={1998},
  publisher={Cambridge university press}
}

@article{korpusik2016single,
  title={Single injection of CD8+ T lymphocytes derived from hematopoietic stem cells--mathematical and numerical insights},
  author={Korpusik, Adam and Kolev, Mikhail},
  journal={BioSystems},
  volume={144},
  pages={46--54},
  year={2016},
  publisher={Elsevier}
}

@article{jackiewicz2009correlation,
  title={Correlation between animal and mathematical models for prostate cancer progression},
  author={Jackiewicz, Zdzislaw and Jorcyk, Cheryl L and Kolev, M and Zubik-Kowal, Barbara},
  journal={Computational and Mathematical Methods in Medicine},
  volume={10},
  number={4},
  pages={241--252},
  year={2009},
  publisher={Taylor \& Francis}
}

@article{kolev2013numerical,
  title={Numerical simulations for tumor and cellular immune system interactions in lung cancer treatment},
  author={Kolev, M and Nawrocki, S and Zubik-Kowal, Barbara},
  journal={Communications in nonlinear science and numerical simulation},
  volume={18},
  number={6},
  pages={1473--1480},
  year={2013},
  publisher={Elsevier}
}

@article{corliss1982solving,
  title={Solving ordinary differential equations using Taylor series},
  author={Corliss, George and Chang, YF},
  journal={ACM Transactions on Mathematical Software (TOMS)},
  volume={8},
  number={2},
  pages={114--144},
  year={1982},
  publisher={ACM New York, NY, USA}
}

@article{chen2018neural,
  title={Neural ordinary differential equations},
  author={Chen, Ricky TQ and Rubanova, Yulia and Bettencourt, Jesse and Duvenaud, David K},
  journal={Advances in neural information processing systems},
  volume={31},
  year={2018}
}

@incollection{daw2017physics,
  title={Physics-guided neural networks (pgnn): An application in lake temperature modeling},
  author={Daw, Arka and Karpatne, Anuj and Watkins, William D and Read, Jordan S and Kumar, Vipin},
  booktitle={Knowledge-guided machine learning},
  pages={353--372},
  year={2017},
  publisher={Chapman and Hall/CRC}
}

@inproceedings{alvarez2009latent,
  title={Latent force models},
  author={Alvarez, Mauricio and Luengo, David and Lawrence, Neil D},
  booktitle={Artificial Intelligence and Statistics},
  pages={9--16},
  year={2009},
  organization={PMLR}
}

@inproceedings{doan2019physics,
  title={Physics-informed echo state networks for chaotic systems forecasting},
  author={Doan, Nguyen Anh Khoa and Polifke, Wolfgang and Magri, Luca},
  booktitle={International Conference on Computational Science},
  pages={192--198},
  year={2019},
  organization={Springer}
}

@inproceedings{fioretto2020predicting,
  title={Predicting ac optimal power flows: Combining deep learning and lagrangian dual methods},
  author={Fioretto, Ferdinando and Mak, Terrence WK and Van Hentenryck, Pascal},
  booktitle={Proceedings of the AAAI Conference on Artificial Intelligence},
  volume={34},
  number={01},
  pages={630--637},
  year={2020}
}

@article{beucler2021enforcing,
  title={Enforcing analytic constraints in neural networks emulating physical systems},
  author={Beucler, Tom and Pritchard, Michael and Rasp, Stephan and Ott, Jordan and Baldi, Pierre and Gentine, Pierre},
  journal={Physical Review Letters},
  volume={126},
  number={9},
  pages={098302},
  year={2021},
  publisher={APS}
}

@article{beucler2019achieving,
  title={Achieving conservation of energy in neural network emulators for climate modeling},
  author={Beucler, Tom and Rasp, Stephan and Pritchard, Michael and Gentine, Pierre},
  journal={arXiv preprint arXiv:1906.06622},
  year={2019}
}

@article{yazdani2020systems,
  title={Systems biology informed deep learning for inferring parameters and hidden dynamics},
  author={Yazdani, Alireza and Lu, Lu and Raissi, Maziar and Karniadakis, George Em},
  journal={PLoS computational biology},
  volume={16},
  number={11},
  pages={e1007575},
  year={2020},
  publisher={Public Library of Science San Francisco, CA USA}
}

@inproceedings{baseman2018physics,
  title={Physics-informed machine learning for DRAM error modeling},
  author={Baseman, Elisabeth and DeBardeleben, Nathan and Blanchard, Sean and Moore, Juston and Tkachenko, Olena and Ferreira, Kurt and Siddiqua, Taniya and Sridharan, Vilas},
  booktitle={2018 IEEE International Symposium on Defect and Fault Tolerance in VLSI and Nanotechnology Systems (DFT)},
  pages={1--6},
  year={2018},
  organization={IEEE}
}

@article{dwivedi2020solution,
  title={Solution of biharmonic equation in complicated geometries with physics informed extreme learning machine},
  author={Dwivedi, Vikas and Srinivasan, Balaji},
  journal={Journal of Computing and Information Science in Engineering},
  volume={20},
  number={6},
  year={2020},
  publisher={American Society of Mechanical Engineers Digital Collection}
}

@article{karumuri2020simulator,
  title={Simulator-free solution of high-dimensional stochastic elliptic partial differential equations using deep neural networks},
  author={Karumuri, Sharmila and Tripathy, Rohit and Bilionis, Ilias and Panchal, Jitesh},
  journal={Journal of Computational Physics},
  volume={404},
  pages={109120},
  year={2020},
  publisher={Elsevier}
}





@article{dwivedi2019distributed,
  title={Distributed physics informed neural network for data-efficient solution to partial differential equations},
  author={Dwivedi, Vikas and Parashar, Nishant and Srinivasan, Balaji},
  journal={arXiv preprint arXiv:1907.08967},
  year={2019}
}


@inproceedings{jagtap2021extended,
  title={Extended Physics-informed Neural Networks (XPINNs): A Generalized Space-Time Domain Decomposition based Deep Learning Framework for Nonlinear Partial Differential Equations.},
  author={Jagtap, Ameya D and Karniadakis, George E},
  booktitle={AAAI Spring Symposium: MLPS},
  year={2021}
}



@article{wu2021modified,
  title={Modified physics-informed neural network method based on the conservation law constraint and its prediction of optical solitons},
  author={Wu, Gang-Zhou and Fang, Yin and Wang, Yue-Yue and Dai, Chao-Qing},
  journal={arXiv preprint arXiv:2108.13192},
  year={2021}
}


@article{baddoo2021physics,
  title={Physics-informed dynamic mode decomposition (piDMD)},
  author={Baddoo, Peter J and Herrmann, Benjamin and McKeon, Beverley J and Kutz, J Nathan and Brunton, Steven L},
  journal={arXiv preprint arXiv:2112.04307},
  year={2021}
}






@article{li2021deep,
  title={Deep learning-based method coupled with small sample learning for solving partial differential equations},
  author={Li, Ying and Mei, Fangjun},
  journal={Multimedia Tools and Applications},
  volume={80},
  number={11},
  pages={17391--17413},
  year={2021},
  publisher={Springer}
}


@article{liu2022bayesian,
  title={Bayesian Physics-Informed Extreme Learning Machine for Forward and Inverse PDE Problems with Noisy Data},
  author={Liu, Xu and Yao, Wen and Peng, Wei and Zhou, Weien},
  journal={arXiv preprint arXiv:2205.06948},
  year={2022}
}

@article{peng2022linear,
  title={Linear attention coupled Fourier neural operator for simulation of three-dimensional turbulence},
  author={Peng, Wenhui and Yuan, Zelong and Li, Zhijie and Wang, Jianchun},
  journal={arXiv preprint arXiv:2210.04259},
  year={2022}
}


@article{li2022solving,
  title={Solving Seismic Wave Equations on Variable Velocity Models with Fourier Neural Operator},
  author={Li, Bian and Wang, Hanchen and Yang, Xiu and Lin, Youzuo},
  journal={arXiv preprint arXiv:2209.12340},
  year={2022}
}


@article{yang2022large,
  title={Large Scale Mask Optimization Via Convolutional Fourier Neural Operator and Litho-Guided Self Training},
  author={Yang, Haoyu and Li, Zongyi and Sastry, Kumara and Mukhopadhyay, Saumyadip and Anandkumar, Anima and Khailany, Brucek and Singh, Vivek and Ren, Haoxing},
  journal={arXiv preprint arXiv:2207.04056},
  year={2022}
}

@article{grady2022towards,
  title={Towards Large-Scale Learned Solvers for Parametric PDEs with Model-Parallel Fourier Neural Operators},
  author={Grady II, Thomas J and Khan, Rishi and Louboutin, Mathias and Yin, Ziyi and Witte, Philipp A and Chandra, Ranveer and Hewett, Russell J and Herrmann, Felix J},
  journal={arXiv preprint arXiv:2204.01205},
  year={2022}
}


@article{you2022learning,
  title={Learning Deep Implicit Fourier Neural Operators (IFNOs) with Applications to Heterogeneous Material Modeling},
  author={You, Huaiqian and Zhang, Quinn and Ross, Colton J and Lee, Chung-Hao and Yu, Yue},
  journal={arXiv preprint arXiv:2203.08205},
  year={2022}
}


@article{li2021physics,
  title={Physics-informed neural operator for learning partial differential equations},
  author={Li, Zongyi and Zheng, Hongkai and Kovachki, Nikola and Jin, David and Chen, Haoxuan and Liu, Burigede and Azizzadenesheli, Kamyar and Anandkumar, Anima},
  journal={arXiv preprint arXiv:2111.03794},
  year={2021}
}

@article{ram2021modified,
  title={A modified age-structured SIR model for COVID-19 type viruses},
  author={Ram, Vishaal and Schaposnik, Laura P},
  journal={Scientific reports},
  volume={11},
  number={1},
  pages={1--15},
  year={2021},
  publisher={Nature Publishing Group}
}

@article{turing1990chemical,
  title={The chemical basis of morphogenesis},
  author={Turing, Alan Mathison},
  journal={Bulletin of mathematical biology},
  volume={52},
  number={1},
  pages={153--197},
  year={1990},
  publisher={Springer}
}

@article{cai2022physics,
  title={Physics-informed neural networks (PINNs) for fluid mechanics: A review},
  author={Cai, Shengze and Mao, Zhiping and Wang, Zhicheng and Yin, Minglang and Karniadakis, George Em},
  journal={Acta Mechanica Sinica},
  pages={1--12},
  year={2022},
  publisher={Springer}
}

@article{cai2021physics,
  title={Physics-informed neural networks for heat transfer problems},
  author={Cai, Shengze and Wang, Zhicheng and Wang, Sifan and Perdikaris, Paris and Karniadakis, George Em},
  journal={Journal of Heat Transfer},
  volume={143},
  number={6},
  year={2021},
  publisher={American Society of Mechanical Engineers Digital Collection}
}

@inproceedings{misyris2020physics,
  title={Physics-informed neural networks for power systems},
  author={Misyris, George S and Venzke, Andreas and Chatzivasileiadis, Spyros},
  booktitle={2020 IEEE Power \& Energy Society General Meeting (PESGM)},
  pages={1--5},
  year={2020},
  organization={IEEE}
}

@article{ji2021stiff,
  title={Stiff-pinn: Physics-informed neural network for stiff chemical kinetics},
  author={Ji, Weiqi and Qiu, Weilun and Shi, Zhiyu and Pan, Shaowu and Deng, Sili},
  journal={The Journal of Physical Chemistry A},
  volume={125},
  number={36},
  pages={8098--8106},
  year={2021},
  publisher={ACS Publications}
}

@inproceedings{zanardi2022towards,
  title={Towards Efficient Simulations of Non-Equilibrium Chemistry in Hypersonic Flows: A Physics-Informed Neural Network Framework},
  author={Zanardi, Ivan and Venturi, Simone and Panesi, Marco},
  booktitle={AIAA SCITECH 2022 Forum},
  pages={1639},
  year={2022}
}

@article{lu2022deep,
  title={A Deep Learning Approach for Predicting Two-Dimensional Soil Consolidation Using Physics-Informed Neural Networks (PINN)},
  author={Lu, Yue and Mei, Gang},
  journal={Mathematics},
  volume={10},
  number={16},
  pages={2949},
  year={2022},
  publisher={MDPI}
}

@article{lv2021novel,
  title={A novel workflow based on physics-informed machine learning to determine the permeability profile of fractured coal seams using downhole geophysical logs},
  author={Lv, Adelina and Cheng, Lei and Aghighi, Mohammad Ali and Masoumi, Hossein and Roshan, Hamid},
  journal={Marine and Petroleum Geology},
  volume={131},
  pages={105171},
  year={2021},
  publisher={Elsevier}
}

@article{liu2020generic,
  title={A generic physics-informed neural network-based constitutive model for soft biological tissues},
  author={Liu, Minliang and Liang, Liang and Sun, Wei},
  journal={Computer methods in applied mechanics and engineering},
  volume={372},
  pages={113402},
  year={2020},
  publisher={Elsevier}
}

@article{yin2021non,
  title={Non-invasive inference of thrombus material properties with physics-informed neural networks},
  author={Yin, Minglang and Zheng, Xiaoning and Humphrey, Jay D and Karniadakis, George Em},
  journal={Computer Methods in Applied Mechanics and Engineering},
  volume={375},
  pages={113603},
  year={2021},
  publisher={Elsevier}
}

@article{anantharaman2021stably,
  title={Stably Accelerating Stiff Quantitative Systems Pharmacology Models: Continuous-Time Echo State Networks as Implicit Machine Learning},
  author={Anantharaman, Ranjan and Abdelrehim, Anas and Jain, Anand and Pal, Avik and Sharp, Danny and Rackauckas, Chris and others},
  journal={bioRxiv},
  year={2021},
  publisher={Cold Spring Harbor Laboratory}
}

@inproceedings{snyders2001inductive,
  title={Inductive bias in recurrent neural networks},
  author={Snyders, Sean and Omlin, Christian W},
  booktitle={International Work-Conference on Artificial Neural Networks},
  pages={339--346},
  year={2001},
  organization={Springer}
}

@phdthesis{mansour2019deep,
  title={Deep neural networks are lazy: on the inductive bias of deep learning},
  author={Mansour, Tarek and others},
  year={2019},
  school={Massachusetts Institute of Technology}
}

@phdthesis{mitchell2017spatial,
  title={The spatial inductive bias of deep learning},
  author={Mitchell, Benjamin R and others},
  year={2017},
  school={Johns Hopkins University}
}

@article{feinman2018learning,
  title={Learning inductive biases with simple neural networks},
  author={Feinman, Reuben and Lake, Brenden M},
  journal={arXiv preprint arXiv:1802.02745},
  year={2018}
}

@article{bartocci2016computational,
  title={Computational modeling, formal analysis, and tools for systems biology},
  author={Bartocci, Ezio and Li{\'o}, Pietro},
  journal={PLoS computational biology},
  volume={12},
  number={1},
  pages={e1004591},
  year={2016},
  publisher={Public Library of Science San Francisco, CA USA}
}

@article{gay2010graphical,
  title={A graphical method for reducing and relating models in systems biology},
  author={Gay, Steven and Soliman, Sylvain and Fages, Fran{\c{c}}ois},
  journal={Bioinformatics},
  volume={26},
  number={18},
  pages={i575--i581},
  year={2010},
  publisher={Oxford University Press}
}

@article{collins1996comparison,
  title={Comparison of algorithms for solving parabolic wave equations},
  author={Collins, Michael D and Cederberg, RJ and King, David B and Chin-Bing, Stanley A},
  journal={The Journal of the Acoustical Society of America},
  volume={100},
  number={1},
  pages={178--182},
  year={1996},
  publisher={Acoustical Society of America}
}

@article{dos2004parallel,
  title={Parallel multigrid preconditioner for the cardiac bidomain model},
  author={dos Santos, Rodrigo Weber and Plank, Gernot and Bauer, Steffen and Vigmond, Edward J},
  journal={IEEE Transactions on Biomedical Engineering},
  volume={51},
  number={11},
  pages={1960--1968},
  year={2004},
  publisher={IEEE}
}

@article{kelly2020learning,
  title={Learning differential equations that are easy to solve},
  author={Kelly, Jacob and Bettencourt, Jesse and Johnson, Matthew J and Duvenaud, David K},
  journal={Advances in Neural Information Processing Systems},
  volume={33},
  pages={4370--4380},
  year={2020}
}

@article{lu2021deepxde,
  title={DeepXDE: A deep learning library for solving differential equations},
  author={Lu, Lu and Meng, Xuhui and Mao, Zhiping and Karniadakis, George Em},
  journal={SIAM Review},
  volume={63},
  number={1},
  pages={208--228},
  year={2021},
  publisher={SIAM}
}

@article{lagergren2020biologically,
  title={Biologically-informed neural networks guide mechanistic modeling from sparse experimental data},
  author={Lagergren, John H and Nardini, John T and Baker, Ruth E and Simpson, Matthew J and Flores, Kevin B},
  journal={PLoS computational biology},
  volume={16},
  number={12},
  pages={e1008462},
  year={2020},
  publisher={Public Library of Science San Francisco, CA USA}
}

@article{greene2020biologically,
  title={Biologically informed neural networks predict drug responses},
  author={Greene, Casey S and Costello, James C},
  journal={Cancer cell},
  volume={38},
  number={5},
  pages={613--615},
  year={2020},
  publisher={Elsevier}
}

@article{li2020multipole,
  title={Multipole graph neural operator for parametric partial differential equations},
  author={Li, Zongyi and Kovachki, Nikola and Azizzadenesheli, Kamyar and Liu, Burigede and Stuart, Andrew and Bhattacharya, Kaushik and Anandkumar, Anima},
  journal={Advances in Neural Information Processing Systems},
  volume={33},
  pages={6755--6766},
  year={2020}
}

@article{meng2022physics,
  title={When Physics Meets Machine Learning: A Survey of Physics-Informed Machine Learning},
  author={Meng, Chuizheng and Seo, Sungyong and Cao, Defu and Griesemer, Sam and Liu, Yan},
  journal={arXiv preprint arXiv:2203.16797},
  year={2022}
}

@article{jagtap2020locally,
  title={Locally adaptive activation functions with slope recovery for deep and physics-informed neural networks},
  author={Jagtap, Ameya D and Kawaguchi, Kenji and Em Karniadakis, George},
  journal={Proceedings of the Royal Society A},
  volume={476},
  number={2239},
  pages={20200334},
  year={2020},
  publisher={The Royal Society}
}

@article{jagtap2020conservative,
  title={Conservative physics-informed neural networks on discrete domains for conservation laws: Applications to forward and inverse problems},
  author={Jagtap, Ameya D and Kharazmi, Ehsan and Karniadakis, George Em},
  journal={Computer Methods in Applied Mechanics and Engineering},
  volume={365},
  pages={113028},
  year={2020},
  publisher={Elsevier}
}

@article{elowitz2000synthetic,
  title={A synthetic oscillatory network of transcriptional regulators},
  author={Elowitz, Michael B and Leibler, Stanislas},
  journal={Nature},
  volume={403},
  number={6767},
  pages={335--338},
  year={2000},
  publisher={Nature Publishing Group}
}

@article{guibas2021adaptive,
  title={Adaptive fourier neural operators: Efficient token mixers for transformers},
  author={Guibas, John and Mardani, Morteza and Li, Zongyi and Tao, Andrew and Anandkumar, Anima and Catanzaro, Bryan},
  journal={arXiv preprint arXiv:2111.13587},
  year={2021}
}

@article{tran2021factorized,
  title={Factorized Fourier Neural Operators},
  author={Tran, Alasdair and Mathews, Alexander and Xie, Lexing and Ong, Cheng Soon},
  journal={arXiv preprint arXiv:2111.13802},
  year={2021}
}

@article{basesfourier,
  title={FOURIER PINNS: FROM STRONG BOUNDARY CONDI-TIONS TO ADAPTIVE FOURIER BASES},
  author={BASES, TIONS TO ADAPTIVE FOURIER}
}

@article{yu2022gradient,
  title={Gradient-enhanced physics-informed neural networks for forward and inverse PDE problems},
  author={Yu, Jeremy and Lu, Lu and Meng, Xuhui and Karniadakis, George Em},
  journal={Computer Methods in Applied Mechanics and Engineering},
  volume={393},
  pages={114823},
  year={2022},
  publisher={Elsevier}
}


@inproceedings{he2016deep,
  title={Deep residual learning for image recognition},
  author={He, Kaiming and Zhang, Xiangyu and Ren, Shaoqing and Sun, Jian},
  booktitle={Proceedings of the IEEE conference on computer vision and pattern recognition},
  pages={770--778},
  year={2016}
}

@article{rumelhart1986learning,
  title={Learning representations by back-propagating errors},
  author={Rumelhart, David E and Hinton, Geoffrey E and Williams, Ronald J},
  journal={nature},
  volume={323},
  number={6088},
  pages={533--536},
  year={1986},
  publisher={Nature Publishing Group UK London}
}

@inproceedings{nair2010rectified,
  title={Rectified linear units improve restricted boltzmann machines},
  author={Nair, Vinod and Hinton, Geoffrey E},
  booktitle={Proceedings of the 27th international conference on machine learning (ICML-10)},
  pages={807--814},
  year={2010}
}

@inproceedings{glorot2011deep,
  title={Deep sparse rectifier neural networks},
  author={Glorot, Xavier and Bordes, Antoine and Bengio, Yoshua},
  booktitle={Proceedings of the fourteenth international conference on artificial intelligence and statistics},
  pages={315--323},
  year={2011},
  organization={JMLR Workshop and Conference Proceedings}
}

@article{hendrycks2016gaussian,
  title={Gaussian error linear units (gelus)},
  author={Hendrycks, Dan and Gimpel, Kevin},
  journal={arXiv preprint arXiv:1606.08415},
  year={2016}
}

@article{clevert2015fast,
  title={Fast and accurate deep network learning by exponential linear units (elus)},
  author={Clevert, Djork-Arn{\'e} and Unterthiner, Thomas and Hochreiter, Sepp},
  journal={arXiv preprint arXiv:1511.07289},
  year={2015}
}

@article{jagtap2020adaptive,
  title={Adaptive activation functions accelerate convergence in deep and physics-informed neural networks},
  author={Jagtap, Ameya D and Kawaguchi, Kenji and Karniadakis, George Em},
  journal={Journal of Computational Physics},
  volume={404},
  pages={109136},
  year={2020},
  publisher={Elsevier}
}

@article{maini2012turing,
  title={Turing's model for biological pattern formation and the robustness problem},
  author={Maini, Philip K and Woolley, Thomas E and Baker, Ruth E and Gaffney, Eamonn A and Lee, S Seirin},
  journal={Interface focus},
  volume={2},
  number={4},
  pages={487--496},
  year={2012},
  publisher={The Royal Society}
}


@article{sitzmann2020implicit,
  title={Implicit neural representations with periodic activation functions},
  author={Sitzmann, Vincent and Martel, Julien and Bergman, Alexander and Lindell, David and Wetzstein, Gordon},
  journal={Advances in Neural Information Processing Systems},
  volume={33},
  pages={7462--7473},
  year={2020}
}

@article{mckay1979two,
  ISSN = {00401706},
  URL = {http://www.jstor.org/stable/1268522},
  abstract = {Two types of sampling plans are examined as alternatives to simple random sampling in Monte Carlo studies. These plans are shown to be improvements over simple random sampling with respect to variance for a class of estimators which includes the sample mean and the empirical distribution function.},
  author = {M. D. McKay and R. J. Beckman and W. J. Conover},
  journal = {Technometrics},
  number = {2},
  pages = {239--245},
  publisher = {[Taylor & Francis, Ltd., American Statistical Association, American Society for Quality]},
  title = {A Comparison of Three Methods for Selecting Values of Input Variables in the Analysis of Output from a Computer Code},
  urldate = {2023-04-06},
  volume = {21},
  year = {1979}
}



@article{biamonte2017quantum,
  title={Quantum machine learning},
  author={Biamonte, Jacob and Wittek, Peter and Pancotti, Nicola and Rebentrost, Patrick and Wiebe, Nathan and Lloyd, Seth},
  journal={Nature},
  volume={549},
  number={7671},
  pages={195--202},
  year={2017},
  publisher={Nature Publishing Group UK London}
}

@article{goh2017deep,
  title={Deep learning for computational chemistry},
  author={Goh, Garrett B and Hodas, Nathan O and Vishnu, Abhinav},
  journal={Journal of computational chemistry},
  volume={38},
  number={16},
  pages={1291--1307},
  year={2017},
  publisher={Wiley Online Library}
}

@article{angermueller2016deep,
  title={Deep learning for computational biology},
  author={Angermueller, Christof and P{\"a}rnamaa, Tanel and Parts, Leopold and Stegle, Oliver},
  journal={Molecular systems biology},
  volume={12},
  number={7},
  pages={878},
  year={2016}
}

@article{esteva2019guide,
  title={A guide to deep learning in healthcare},
  author={Esteva, Andre and Robicquet, Alexandre and Ramsundar, Bharath and Kuleshov, Volodymyr and DePristo, Mark and Chou, Katherine and Cui, Claire and Corrado, Greg and Thrun, Sebastian and Dean, Jeff},
  journal={Nature medicine},
  volume={25},
  number={1},
  pages={24--29},
  year={2019},
  publisher={Nature Publishing Group US New York}
}

@article{rupp2015machine,
  title={Machine learning for quantum mechanics in a nutshell},
  author={Rupp, Matthias},
  journal={International Journal of Quantum Chemistry},
  volume={115},
  number={16},
  pages={1058--1073},
  year={2015},
  publisher={Wiley Online Library}
}

@article{torlai2020machine,
  title={Machine-learning quantum states in the NISQ era},
  author={Torlai, Giacomo and Melko, Roger G},
  journal={Annual Review of Condensed Matter Physics},
  volume={11},
  pages={325--344},
  year={2020},
  publisher={Annual Reviews}
}

@article{mehta2019high,
  title={A high-bias, low-variance introduction to machine learning for physicists},
  author={Mehta, Pankaj and Bukov, Marin and Wang, Ching-Hao and Day, Alexandre GR and Richardson, Clint and Fisher, Charles K and Schwab, David J},
  journal={Physics reports},
  volume={810},
  pages={1--124},
  year={2019},
  publisher={Elsevier}
}

@article{villaescusa2021camels,
  title={The camels project: Cosmology and astrophysics with machine-learning simulations},
  author={Villaescusa-Navarro, Francisco and Angl{\'e}s-Alc{\'a}zar, Daniel and Genel, Shy and Spergel, David N and Somerville, Rachel S and Dave, Romeel and Pillepich, Annalisa and Hernquist, Lars and Nelson, Dylan and Torrey, Paul and others},
  journal={The Astrophysical Journal},
  volume={915},
  number={1},
  pages={71},
  year={2021},
  publisher={IOP Publishing}
}

@article{carleo2019machine,
  title={Machine learning and the physical sciences},
  author={Carleo, Giuseppe and Cirac, Ignacio and Cranmer, Kyle and Daudet, Laurent and Schuld, Maria and Tishby, Naftali and Vogt-Maranto, Leslie and Zdeborov{\'a}, Lenka},
  journal={Reviews of Modern Physics},
  volume={91},
  number={4},
  pages={045002},
  year={2019},
  publisher={APS}
}

@inproceedings{mathuriya2018cosmoflow,
  title={CosmoFlow: Using deep learning to learn the universe at scale},
  author={Mathuriya, Amrita and Bard, Deborah and Mendygral, Peter and Meadows, Lawrence and Arnemann, James and Shao, Lei and He, Siyu and K{\"a}rn{\"a}, Tuomas and Moise, Diana and Pennycook, Simon J and others},
  booktitle={SC18: International Conference for High Performance Computing, Networking, Storage and Analysis},
  pages={819--829},
  year={2018},
  organization={IEEE}
}

@article{alestas2022machine,
  title={Machine learning constraints on deviations from general relativity from the large scale structure of the Universe},
  author={Alestas, George and Kazantzidis, Lavrentios and Nesseris, Savvas},
  journal={Physical Review D},
  volume={106},
  number={10},
  pages={103519},
  year={2022},
  publisher={APS}
}

@article{rackauckas2020universal,
  title={Universal differential equations for scientific machine learning},
  author={Rackauckas, Christopher and Ma, Yingbo and Martensen, Julius and Warner, Collin and Zubov, Kirill and Supekar, Rohit and Skinner, Dominic and Ramadhan, Ali and Edelman, Alan},
  journal={arXiv preprint arXiv:2001.04385},
  year={2020}
}

@article{roscher2020explainable,
  title={Explainable machine learning for scientific insights and discoveries},
  author={Roscher, Ribana and Bohn, Bastian and Duarte, Marco F and Garcke, Jochen},
  journal={Ieee Access},
  volume={8},
  pages={42200--42216},
  year={2020},
  publisher={IEEE}
}

@book{euler1952methodus,
  title={Methodus inveniendi lineas curvas maximi minimive proprietate gaudentes sive solutio problematis isoperimetrici latissimo sensu accepti},
  author={Euler, Leonhard},
  volume={1},
  year={1952},
  publisher={Springer Science \& Business Media}
}

@article{runge1895numerische,
  title={{\"U}ber die numerische Aufl{\"o}sung von Differentialgleichungen},
  author={Runge, Carl},
  journal={Mathematische Annalen},
  volume={46},
  number={2},
  pages={167--178},
  year={1895},
  publisher={Springer}
}

@article{richardson1911ix,
  title={IX. The approximate arithmetical solution by finite differences of physical problems involving differential equations, with an application to the stresses in a masonry dam},
  author={Richardson, Lewis Fry},
  journal={Philosophical Transactions of the Royal Society of London. Series A, Containing Papers of a Mathematical or Physical Character},
  volume={210},
  number={459-470},
  pages={307--357},
  year={1911},
  publisher={The Royal Society London}
}

@article{herrmann1967finite,
  title={Finite-element bending analysis for plates},
  author={Herrmann, Leonard R},
  journal={Journal of the Engineering Mechanics Division},
  volume={93},
  number={5},
  pages={13--26},
  year={1967},
  publisher={American Society of Civil Engineers}
}

@article{sirignano2018dgm,
  title={DGM: A deep learning algorithm for solving partial differential equations},
  author={Sirignano, Justin and Spiliopoulos, Konstantinos},
  journal={Journal of computational physics},
  volume={375},
  pages={1339--1364},
  year={2018},
  publisher={Elsevier}
}

@article{goodfellow2020generative,
  title={Generative adversarial networks},
  author={Goodfellow, Ian and Pouget-Abadie, Jean and Mirza, Mehdi and Xu, Bing and Warde-Farley, David and Ozair, Sherjil and Courville, Aaron and Bengio, Yoshua},
  journal={Communications of the ACM},
  volume={63},
  number={11},
  pages={139--144},
  year={2020},
  publisher={ACM New York, NY, USA}
}

@inproceedings{chen2020mri,
  title={MRI image reconstruction via learning optimization using neural ODEs},
  author={Chen, Eric Z and Chen, Terrence and Sun, Shanhui},
  booktitle={Medical Image Computing and Computer Assisted Intervention--MICCAI 2020: 23rd International Conference, Lima, Peru, October 4--8, 2020, Proceedings, Part II 23},
  pages={83--93},
  year={2020},
  organization={Springer}
}

@article{chen2022forecasting,
  title={Forecasting the outcome of spintronic experiments with Neural Ordinary Differential Equations},
  author={Chen, Xing and Araujo, Flavio Abreu and Riou, Mathieu and Torrejon, Jacob and Ravelosona, Dafin{\'e} and Kang, Wang and Zhao, Weisheng and Grollier, Julie and Querlioz, Damien},
  journal={Nature communications},
  volume={13},
  number={1},
  pages={1016},
  year={2022},
  publisher={Nature Publishing Group UK London}
}

@article{gao2022explainable,
  title={Explainable Tensorized Neural Ordinary Differential Equations for Arbitrary-step Time Series Prediction},
  author={Gao, Penglei and Yang, Xi and Huang, Kaizhu and Zhang, Rui and Goulermas, John Yannis},
  journal={IEEE Transactions on Knowledge and Data Engineering},
  year={2022},
  publisher={IEEE}
}

@article{li2022deep,
  title={The deep learning Galerkin method for the general stokes equations},
  author={Li, Jian and Yue, Jing and Zhang, Wen and Duan, Wansuo},
  journal={Journal of Scientific Computing},
  volume={93},
  number={1},
  pages={5},
  year={2022},
  publisher={Springer}
}

@article{zhang2022deep,
  title={A Deep Learning Galerkin Method for the Closed-Loop Geothermal System},
  author={Zhang, Wen and Li, Jian},
  journal={arXiv preprint arXiv:2204.08139},
  year={2022}
}

@article{radford2015unsupervised,
  title={Unsupervised representation learning with deep convolutional generative adversarial networks},
  author={Radford, Alec and Metz, Luke and Chintala, Soumith},
  journal={arXiv preprint arXiv:1511.06434},
  year={2015}
}

@inproceedings{choi2018stargan,
  title={Stargan: Unified generative adversarial networks for multi-domain image-to-image translation},
  author={Choi, Yunjey and Choi, Minje and Kim, Munyoung and Ha, Jung-Woo and Kim, Sunghun and Choo, Jaegul},
  booktitle={Proceedings of the IEEE conference on computer vision and pattern recognition},
  pages={8789--8797},
  year={2018}
}

@inproceedings{zhang2017stackgan,
  title={Stackgan: Text to photo-realistic image synthesis with stacked generative adversarial networks},
  author={Zhang, Han and Xu, Tao and Li, Hongsheng and Zhang, Shaoting and Wang, Xiaogang and Huang, Xiaolei and Metaxas, Dimitris N},
  booktitle={Proceedings of the IEEE international conference on computer vision},
  pages={5907--5915},
  year={2017}
}

@inproceedings{dong2018musegan,
  title={Musegan: Multi-track sequential generative adversarial networks for symbolic music generation and accompaniment},
  author={Dong, Hao-Wen and Hsiao, Wen-Yi and Yang, Li-Chia and Yang, Yi-Hsuan},
  booktitle={Proceedings of the AAAI Conference on Artificial Intelligence},
  volume={32},
  year={2018}
}

@article{yang2017midinet,
  title={MidiNet: A convolutional generative adversarial network for symbolic-domain music generation},
  author={Yang, Li-Chia and Chou, Szu-Yu and Yang, Yi-Hsuan},
  journal={arXiv preprint arXiv:1703.10847},
  year={2017}
}

@article{antoniou2017data,
  title={Data augmentation generative adversarial networks},
  author={Antoniou, Antreas and Storkey, Amos and Edwards, Harrison},
  journal={arXiv preprint arXiv:1711.04340},
  year={2017}
}

@article{sandfort2019data,
  title={Data augmentation using generative adversarial networks (CycleGAN) to improve generalizability in CT segmentation tasks},
  author={Sandfort, Veit and Yan, Ke and Pickhardt, Perry J and Summers, Ronald M},
  journal={Scientific reports},
  volume={9},
  number={1},
  pages={16884},
  year={2019},
  publisher={Nature Publishing Group UK London}
}

@article{ackley1985learning,
  title={A learning algorithm for Boltzmann machines},
  author={Ackley, David H and Hinton, Geoffrey E and Sejnowski, Terrence J},
  journal={Cognitive science},
  volume={9},
  number={1},
  pages={147--169},
  year={1985},
  publisher={Elsevier}
}

@misc{wikipediaepidemiology,
  title = {Compartmental models in epidemiology},
  author = {Wikipedia},
  year = {2023},
  howpublished = {\url{https://en.wikipedia.org/wiki/Compartmental_models_in_epidemiology}},
  note = {Accessed: April 1st, 2023}
}

@misc{covidcases,
  title = {Coronavirus in the U.S.: Latest Map and Case Count},
  author = {Nytimes},
  year = {2023},
  howpublished = {\url{https://www.nytimes.com/interactive/2021/us/covid-cases.html}},
  note = {Accessed: April 1st, 2023}
}

@article{kitano2002systems,
  title={Systems biology: a brief overview},
  author={Kitano, Hiroaki},
  journal={science},
  volume={295},
  number={5560},
  pages={1662--1664},
  year={2002},
  publisher={American Association for the Advancement of Science}
}

@book{alon2019introduction,
  title={An introduction to systems biology: design principles of biological circuits},
  author={Alon, Uri},
  year={2019},
  publisher={CRC press}
}

@book{palsson2015systems,
  title={Systems biology},
  author={Palsson, Bernhard},
  year={2015},
  publisher={Cambridge university press}
}

@article{covert2004integrating,
  title={Integrating high-throughput and computational data elucidates bacterial networks},
  author={Covert, Markus W and Knight, Eric M and Reed, Jennifer L and Herrgard, Markus J and Palsson, Bernhard O},
  journal={Nature},
  volume={429},
  number={6987},
  pages={92--96},
  year={2004},
  publisher={Nature Publishing Group UK London}
}

@article{kholodenko2006cell,
  title={Cell-signalling dynamics in time and space},
  author={Kholodenko, Boris N},
  journal={Nature reviews Molecular cell biology},
  volume={7},
  number={3},
  pages={165--176},
  year={2006},
  publisher={Nature Publishing Group UK London}
}

@article{srivastava2002stochastic,
  title={Stochastic vs. deterministic modeling of intracellular viral kinetics},
  author={Srivastava, Ranjan and You, L and Summers, J and Yin, J},
  journal={Journal of theoretical biology},
  volume={218},
  number={3},
  pages={309--321},
  year={2002},
  publisher={Elsevier}
}