@inproceedings{alvarez2009latent,
  title={Latent force models},
  author={Alvarez, Mauricio and Luengo, David and Lawrence, Neil D},
  booktitle={Artificial Intelligence and Statistics},
  pages={9--16},
  year={2009},
  organization={PMLR}
}

@article{anantharaman2021stably,
  title={Stably Accelerating Stiff Quantitative Systems Pharmacology Models: Continuous-Time Echo State Networks as Implicit Machine Learning},
  author={Anantharaman, Ranjan and Abdelrehim, Anas and Jain, Anand and Pal, Avik and Sharp, Danny and Rackauckas, Chris and others},
  journal={bioRxiv},
  year={2021},
  publisher={Cold Spring Harbor Laboratory}
}

@article{baddoo2021physics,
  title={Physics-informed dynamic mode decomposition (piDMD)},
  author={Baddoo, Peter J and Herrmann, Benjamin and McKeon, Beverley J and Kutz, J Nathan and Brunton, Steven L},
  journal={arXiv preprint arXiv:2112.04307},
  year={2021}
}

@inproceedings{baseman2018physics,
  title={Physics-informed machine learning for DRAM error modeling},
  author={Baseman, Elisabeth and DeBardeleben, Nathan and Blanchard, Sean and Moore, Juston and Tkachenko, Olena and Ferreira, Kurt and Siddiqua, Taniya and Sridharan, Vilas},
  booktitle={2018 IEEE International Symposium on Defect and Fault Tolerance in VLSI and Nanotechnology Systems (DFT)},
  pages={1--6},
  year={2018},
  organization={IEEE}
}

@article{beucler2019achieving,
  title={Achieving conservation of energy in neural network emulators for climate modeling},
  author={Beucler, Tom and Rasp, Stephan and Pritchard, Michael and Gentine, Pierre},
  journal={arXiv preprint arXiv:1906.06622},
  year={2019}
}

@article{beucler2021enforcing,
  title={Enforcing analytic constraints in neural networks emulating physical systems},
  author={Beucler, Tom and Pritchard, Michael and Rasp, Stephan and Ott, Jordan and Baldi, Pierre and Gentine, Pierre},
  journal={Physical Review Letters},
  volume={126},
  number={9},
  pages={098302},
  year={2021},
  publisher={APS}
}

@article{cai2021physics,
  title={Physics-informed neural networks for heat transfer problems},
  author={Cai, Shengze and Wang, Zhicheng and Wang, Sifan and Perdikaris, Paris and Karniadakis, George Em},
  journal={Journal of Heat Transfer},
  volume={143},
  number={6},
  year={2021},
  publisher={American Society of Mechanical Engineers Digital Collection}
}

@article{cai2022physics,
  title={Physics-informed neural networks (PINNs) for fluid mechanics: A review},
  author={Cai, Shengze and Mao, Zhiping and Wang, Zhicheng and Yin, Minglang and Karniadakis, George Em},
  journal={Acta Mechanica Sinica},
  pages={1--12},
  year={2022},
  publisher={Springer}
}

@article{chen2018neural,
  title={Neural ordinary differential equations},
  author={Chen, Ricky TQ and Rubanova, Yulia and Bettencourt, Jesse and Duvenaud, David K},
  journal={Advances in neural information processing systems},
  volume={31},
  year={2018}
}

@inproceedings{chen2020mri,
  title={MRI image reconstruction via learning optimization using neural ODEs},
  author={Chen, Eric Z and Chen, Terrence and Sun, Shanhui},
  booktitle={Medical Image Computing and Computer Assisted Intervention--MICCAI 2020: 23rd International Conference, Lima, Peru, October 4--8, 2020, Proceedings, Part II 23},
  pages={83--93},
  year={2020},
  organization={Springer}
}

@article{chen2022forecasting,
  title={Forecasting the outcome of spintronic experiments with Neural Ordinary Differential Equations},
  author={Chen, Xing and Araujo, Flavio Abreu and Riou, Mathieu and Torrejon, Jacob and Ravelosona, Dafin{\'e} and Kang, Wang and Zhao, Weisheng and Grollier, Julie and Querlioz, Damien},
  journal={Nature communications},
  volume={13},
  number={1},
  pages={1016},
  year={2022},
  publisher={Nature Publishing Group UK London}
}

@article{corliss1982solving,
  title={Solving ordinary differential equations using Taylor series},
  author={Corliss, George and Chang, YF},
  journal={ACM Transactions on Mathematical Software (TOMS)},
  volume={8},
  number={2},
  pages={114--144},
  year={1982},
  publisher={ACM New York, NY, USA}
}

@incollection{daw2017physics,
  title={Physics-guided neural networks (pgnn): An application in lake temperature modeling},
  author={Daw, Arka and Karpatne, Anuj and Watkins, William D and Read, Jordan S and Kumar, Vipin},
  booktitle={Knowledge-guided machine learning},
  pages={353--372},
  year={2017},
  publisher={Chapman and Hall/CRC}
}

@inproceedings{doan2019physics,
  title={Physics-informed echo state networks for chaotic systems forecasting},
  author={Doan, Nguyen Anh Khoa and Polifke, Wolfgang and Magri, Luca},
  booktitle={International Conference on Computational Science},
  pages={192--198},
  year={2019},
  organization={Springer}
}

@article{dwivedi2019distributed,
  title={Distributed physics informed neural network for data-efficient solution to partial differential equations},
  author={Dwivedi, Vikas and Parashar, Nishant and Srinivasan, Balaji},
  journal={arXiv preprint arXiv:1907.08967},
  year={2019}
}

@article{dwivedi2020solution,
  title={Solution of biharmonic equation in complicated geometries with physics informed extreme learning machine},
  author={Dwivedi, Vikas and Srinivasan, Balaji},
  journal={Journal of Computing and Information Science in Engineering},
  volume={20},
  number={6},
  year={2020},
  publisher={American Society of Mechanical Engineers Digital Collection}
}

@book{euler1952methodus,
  title={Methodus inveniendi lineas curvas maximi minimive proprietate gaudentes sive solutio problematis isoperimetrici latissimo sensu accepti},
  author={Euler, Leonhard},
  volume={1},
  year={1952},
  publisher={Springer Science \& Business Media}
}

@article{eymard2000finite,
  title={Finite volume methods},
  author={Eymard, Robert and Gallou{\"e}t, Thierry and Herbin, Rapha{\`e}le},
  journal={Handbook of numerical analysis},
  volume={7},
  pages={713--1018},
  year={2000},
  publisher={Elsevier}
}

@article{feinman2018learning,
  title={Learning inductive biases with simple neural networks},
  author={Feinman, Reuben and Lake, Brenden M},
  journal={arXiv preprint arXiv:1802.02745},
  year={2018}
}

@inproceedings{fioretto2020predicting,
  title={Predicting ac optimal power flows: Combining deep learning and lagrangian dual methods},
  author={Fioretto, Ferdinando and Mak, Terrence WK and Van Hentenryck, Pascal},
  booktitle={Proceedings of the AAAI Conference on Artificial Intelligence},
  volume={34},
  number={01},
  pages={630--637},
  year={2020}
}

@article{gao2022explainable,
  title={Explainable Tensorized Neural Ordinary Differential Equations for Arbitrary-step Time Series Prediction},
  author={Gao, Penglei and Yang, Xi and Huang, Kaizhu and Zhang, Rui and Goulermas, John Yannis},
  journal={IEEE Transactions on Knowledge and Data Engineering},
  year={2022},
  publisher={IEEE}
}

@article{grady2022towards,
  title={Towards Large-Scale Learned Solvers for Parametric PDEs with Model-Parallel Fourier Neural Operators},
  author={Grady II, Thomas J and Khan, Rishi and Louboutin, Mathias and Yin, Ziyi and Witte, Philipp A and Chandra, Ranveer and Hewett, Russell J and Herrmann, Felix J},
  journal={arXiv preprint arXiv:2204.01205},
  year={2022}
}

@article{greene2020biologically,
  title={Biologically informed neural networks predict drug responses},
  author={Greene, Casey S and Costello, James C},
  journal={Cancer cell},
  volume={38},
  number={5},
  pages={613--615},
  year={2020},
  publisher={Elsevier}
}

@article{guibas2021adaptive,
  title={Adaptive fourier neural operators: Efficient token mixers for transformers},
  author={Guibas, John and Mardani, Morteza and Li, Zongyi and Tao, Andrew and Anandkumar, Anima and Catanzaro, Bryan},
  journal={arXiv preprint arXiv:2111.13587},
  year={2021}
}

@article{herrmann1967finite,
  title={Finite-element bending analysis for plates},
  author={Herrmann, Leonard R},
  journal={Journal of the Engineering Mechanics Division},
  volume={93},
  number={5},
  pages={13--26},
  year={1967},
  publisher={American Society of Civil Engineers}
}

@article{jagtap2020conservative,
  title={Conservative physics-informed neural networks on discrete domains for conservation laws: Applications to forward and inverse problems},
  author={Jagtap, Ameya D and Kharazmi, Ehsan and Karniadakis, George Em},
  journal={Computer Methods in Applied Mechanics and Engineering},
  volume={365},
  pages={113028},
  year={2020},
  publisher={Elsevier}
}

@article{jagtap2020locally,
  title={Locally adaptive activation functions with slope recovery for deep and physics-informed neural networks},
  author={Jagtap, Ameya D and Kawaguchi, Kenji and Em Karniadakis, George},
  journal={Proceedings of the Royal Society A},
  volume={476},
  number={2239},
  pages={20200334},
  year={2020},
  publisher={The Royal Society}
}

@inproceedings{jagtap2021extended,
  title={Extended Physics-informed Neural Networks (XPINNs): A Generalized Space-Time Domain Decomposition based Deep Learning Framework for Nonlinear Partial Differential Equations.},
  author={Jagtap, Ameya D and Karniadakis, George E},
  booktitle={AAAI Spring Symposium: MLPS},
  year={2021}
}

@article{ji2021stiff,
  title={Stiff-pinn: Physics-informed neural network for stiff chemical kinetics},
  author={Ji, Weiqi and Qiu, Weilun and Shi, Zhiyu and Pan, Shaowu and Deng, Sili},
  journal={The Journal of Physical Chemistry A},
  volume={125},
  number={36},
  pages={8098--8106},
  year={2021},
  publisher={ACS Publications}
}

@article{jin2021nsfnets,
  title={NSFnets (Navier-Stokes flow nets): Physics-informed neural networks for the incompressible Navier-Stokes equations},
  author={Jin, Xiaowei and Cai, Shengze and Li, Hui and Karniadakis, George Em},
  journal={Journal of Computational Physics},
  volume={426},
  pages={109951},
  year={2021},
  publisher={Elsevier}
}

@article{karumuri2020simulator,
  title={Simulator-free solution of high-dimensional stochastic elliptic partial differential equations using deep neural networks},
  author={Karumuri, Sharmila and Tripathy, Rohit and Bilionis, Ilias and Panchal, Jitesh},
  journal={Journal of Computational Physics},
  volume={404},
  pages={109120},
  year={2020},
  publisher={Elsevier}
}

@article{kissas2020machine,
  title={Machine learning in cardiovascular flows modeling: Predicting arterial blood pressure from non-invasive 4D flow MRI data using physics-informed neural networks},
  author={Kissas, Georgios and Yang, Yibo and Hwuang, Eileen and Witschey, Walter R and Detre, John A and Perdikaris, Paris},
  journal={Computer Methods in Applied Mechanics and Engineering},
  volume={358},
  pages={112623},
  year={2020},
  publisher={Elsevier}
}

@article{krishnapriyan2021characterizing,
  title={Characterizing possible failure modes in physics-informed neural networks},
  author={Krishnapriyan, Aditi and Gholami, Amir and Zhe, Shandian and Kirby, Robert and Mahoney, Michael W},
  journal={Advances in Neural Information Processing Systems},
  volume={34},
  pages={26548--26560},
  year={2021}
}

@article{lagergren2020biologically,
  title={Biologically-informed neural networks guide mechanistic modeling from sparse experimental data},
  author={Lagergren, John H and Nardini, John T and Baker, Ruth E and Simpson, Matthew J and Flores, Kevin B},
  journal={PLoS computational biology},
  volume={16},
  number={12},
  pages={e1008462},
  year={2020},
  publisher={Public Library of Science San Francisco, CA USA}
}

@article{li2020fourier,
  title={Fourier neural operator for parametric partial differential equations},
  author={Li, Zongyi and Kovachki, Nikola and Azizzadenesheli, Kamyar and Liu, Burigede and Bhattacharya, Kaushik and Stuart, Andrew and Anandkumar, Anima},
  journal={arXiv preprint arXiv:2010.08895},
  year={2020}
}

@article{li2021deep,
  title={Deep learning-based method coupled with small sample learning for solving partial differential equations},
  author={Li, Ying and Mei, Fangjun},
  journal={Multimedia Tools and Applications},
  volume={80},
  number={11},
  pages={17391--17413},
  year={2021},
  publisher={Springer}
}

@article{li2022deep,
  title={The deep learning Galerkin method for the general stokes equations},
  author={Li, Jian and Yue, Jing and Zhang, Wen and Duan, Wansuo},
  journal={Journal of Scientific Computing},
  volume={93},
  number={1},
  pages={5},
  year={2022},
  publisher={Springer}
}

@article{li2022solving,
  title={Solving Seismic Wave Equations on Variable Velocity Models with Fourier Neural Operator},
  author={Li, Bian and Wang, Hanchen and Yang, Xiu and Lin, Youzuo},
  journal={arXiv preprint arXiv:2209.12340},
  year={2022}
}

@article{liu2020generic,
  title={A generic physics-informed neural network-based constitutive model for soft biological tissues},
  author={Liu, Minliang and Liang, Liang and Sun, Wei},
  journal={Computer methods in applied mechanics and engineering},
  volume={372},
  pages={113402},
  year={2020},
  publisher={Elsevier}
}

@article{liu2022bayesian,
  title={Bayesian Physics-Informed Extreme Learning Machine for Forward and Inverse PDE Problems with Noisy Data},
  author={Liu, Xu and Yao, Wen and Peng, Wei and Zhou, Weien},
  journal={arXiv preprint arXiv:2205.06948},
  year={2022}
}

@article{lu2021deepxde,
  title={DeepXDE: A deep learning library for solving differential equations},
  author={Lu, Lu and Meng, Xuhui and Mao, Zhiping and Karniadakis, George Em},
  journal={SIAM Review},
  volume={63},
  number={1},
  pages={208--228},
  year={2021},
  publisher={SIAM}
}

@article{lu2021learning,
  title={Learning nonlinear operators via DeepONet based on the universal approximation theorem of operators},
  author={Lu, Lu and Jin, Pengzhan and Pang, Guofei and Zhang, Zhongqiang and Karniadakis, George Em},
  journal={Nature Machine Intelligence},
  volume={3},
  number={3},
  pages={218--229},
  year={2021},
  publisher={Nature Publishing Group}
}

@article{lu2022deep,
  title={A Deep Learning Approach for Predicting Two-Dimensional Soil Consolidation Using Physics-Informed Neural Networks (PINN)},
  author={Lu, Yue and Mei, Gang},
  journal={Mathematics},
  volume={10},
  number={16},
  pages={2949},
  year={2022},
  publisher={MDPI}
}

@article{lv2021novel,
  title={A novel workflow based on physics-informed machine learning to determine the permeability profile of fractured coal seams using downhole geophysical logs},
  author={Lv, Adelina and Cheng, Lei and Aghighi, Mohammad Ali and Masoumi, Hossein and Roshan, Hamid},
  journal={Marine and Petroleum Geology},
  volume={131},
  pages={105171},
  year={2021},
  publisher={Elsevier}
}

@phdthesis{mansour2019deep,
  title={Deep neural networks are lazy: on the inductive bias of deep learning},
  author={Mansour, Tarek and others},
  year={2019},
  school={Massachusetts Institute of Technology}
}

@article{meng2022physics,
  title={When Physics Meets Machine Learning: A Survey of Physics-Informed Machine Learning},
  author={Meng, Chuizheng and Seo, Sungyong and Cao, Defu and Griesemer, Sam and Liu, Yan},
  journal={arXiv preprint arXiv:2203.16797},
  year={2022}
}

@inproceedings{misyris2020physics,
  title={Physics-informed neural networks for power systems},
  author={Misyris, George S and Venzke, Andreas and Chatzivasileiadis, Spyros},
  booktitle={2020 IEEE Power \& Energy Society General Meeting (PESGM)},
  pages={1--5},
  year={2020},
  organization={IEEE}
}

@phdthesis{mitchell2017spatial,
  title={The spatial inductive bias of deep learning},
  author={Mitchell, Benjamin R and others},
  year={2017},
  school={Johns Hopkins University}
}

@article{peng2022linear,
  title={Linear attention coupled Fourier neural operator for simulation of three-dimensional turbulence},
  author={Peng, Wenhui and Yuan, Zelong and Li, Zhijie and Wang, Jianchun},
  journal={arXiv preprint arXiv:2210.04259},
  year={2022}
}

@article{raissi2019deep,
  title={Deep learning of vortex-induced vibrations},
  author={Raissi, Maziar and Wang, Zhicheng and Triantafyllou, Michael S and Karniadakis, George Em},
  journal={Journal of Fluid Mechanics},
  volume={861},
  pages={119--137},
  year={2019},
  publisher={Cambridge University Press}
}

@article{raissi2019physics,
  title={Physics-informed neural networks: A deep learning framework for solving forward and inverse problems involving nonlinear partial differential equations},
  author={Raissi, Maziar and Perdikaris, Paris and Karniadakis, George E},
  journal={Journal of Computational physics},
  volume={378},
  pages={686--707},
  year={2019},
  publisher={Elsevier}
}

@article{richardson1911ix,
  title={IX. The approximate arithmetical solution by finite differences of physical problems involving differential equations, with an application to the stresses in a masonry dam},
  author={Richardson, Lewis Fry},
  journal={Philosophical Transactions of the Royal Society of London. Series A, Containing Papers of a Mathematical or Physical Character},
  volume={210},
  number={459-470},
  pages={307--357},
  year={1911},
  publisher={The Royal Society London}
}

@article{runge1895numerische,
  title={{\"U}ber die numerische Aufl{\"o}sung von Differentialgleichungen},
  author={Runge, Carl},
  journal={Mathematische Annalen},
  volume={46},
  number={2},
  pages={167--178},
  year={1895},
  publisher={Springer}
}

@article{sahli2020physics,
  title={Physics-informed neural networks for cardiac activation mapping},
  author={Sahli Costabal, Francisco and Yang, Yibo and Perdikaris, Paris and Hurtado, Daniel E and Kuhl, Ellen},
  journal={Frontiers in Physics},
  volume={8},
  pages={42},
  year={2020},
  publisher={Frontiers Media SA}
}

@inproceedings{silvescu1999fourier,
  title={Fourier neural networks},
  author={Silvescu, Adrian},
  booktitle={IJCNN'99. International Joint Conference on Neural Networks. Proceedings (Cat. No. 99CH36339)},
  volume={1},
  pages={488--491},
  year={1999},
  organization={IEEE}
}

@article{sirignano2018dgm,
  title={DGM: A deep learning algorithm for solving partial differential equations},
  author={Sirignano, Justin and Spiliopoulos, Konstantinos},
  journal={Journal of computational physics},
  volume={375},
  pages={1339--1364},
  year={2018},
  publisher={Elsevier}
}

@inproceedings{snyders2001inductive,
  title={Inductive bias in recurrent neural networks},
  author={Snyders, Sean and Omlin, Christian W},
  booktitle={International Work-Conference on Artificial Neural Networks},
  pages={339--346},
  year={2001},
  organization={Springer}
}

@article{sun2020surrogate,
  title={Surrogate modeling for fluid flows based on physics-constrained deep learning without simulation data},
  author={Sun, Luning and Gao, Han and Pan, Shaowu and Wang, Jian-Xun},
  journal={Computer Methods in Applied Mechanics and Engineering},
  volume={361},
  pages={112732},
  year={2020},
  publisher={Elsevier}
}

@article{tran2021factorized,
  title={Factorized Fourier Neural Operators},
  author={Tran, Alasdair and Mathews, Alexander and Xie, Lexing and Ong, Cheng Soon},
  journal={arXiv preprint arXiv:2111.13802},
  year={2021}
}

@article{wu2021modified,
  title={Modified physics-informed neural network method based on the conservation law constraint and its prediction of optical solitons},
  author={Wu, Gang-Zhou and Fang, Yin and Wang, Yue-Yue and Dai, Chao-Qing},
  journal={arXiv preprint arXiv:2108.13192},
  year={2021}
}

@article{yazdani2020systems,
  title={Systems biology informed deep learning for inferring parameters and hidden dynamics},
  author={Yazdani, Alireza and Lu, Lu and Raissi, Maziar and Karniadakis, George Em},
  journal={PLoS computational biology},
  volume={16},
  number={11},
  pages={e1007575},
  year={2020},
  publisher={Public Library of Science San Francisco, CA USA}
}

@article{yin2021non,
  title={Non-invasive inference of thrombus material properties with physics-informed neural networks},
  author={Yin, Minglang and Zheng, Xiaoning and Humphrey, Jay D and Karniadakis, George Em},
  journal={Computer Methods in Applied Mechanics and Engineering},
  volume={375},
  pages={113603},
  year={2021},
  publisher={Elsevier}
}

@article{you2022learning,
  title={Learning Deep Implicit Fourier Neural Operators (IFNOs) with Applications to Heterogeneous Material Modeling},
  author={You, Huaiqian and Zhang, Quinn and Ross, Colton J and Lee, Chung-Hao and Yu, Yue},
  journal={arXiv preprint arXiv:2203.08205},
  year={2022}
}

@article{yu2022gradient,
  title={Gradient-enhanced physics-informed neural networks for forward and inverse PDE problems},
  author={Yu, Jeremy and Lu, Lu and Meng, Xuhui and Karniadakis, George Em},
  journal={Computer Methods in Applied Mechanics and Engineering},
  volume={393},
  pages={114823},
  year={2022},
  publisher={Elsevier}
}

@inproceedings{zanardi2022towards,
  title={Towards Efficient Simulations of Non-Equilibrium Chemistry in Hypersonic Flows: A Physics-Informed Neural Network Framework},
  author={Zanardi, Ivan and Venturi, Simone and Panesi, Marco},
  booktitle={AIAA SCITECH 2022 Forum},
  pages={1639},
  year={2022}
}

@article{zhang2022deep,
  title={A Deep Learning Galerkin Method for the Closed-Loop Geothermal System},
  author={Zhang, Wen and Li, Jian},
  journal={arXiv preprint arXiv:2204.08139},
  year={2022}
}

