@inproceedings{baum2021mac,
  title={Mac'n'Cheese Mac'n'Cheese: Zero-Knowledge Proofs for Boolean and Arithmetic Circuits with Nested Disjunctions},
  author={Baum, Carsten and Malozemoff, Alex J and Rosen, Marc B and Scholl, Peter},
  booktitle={Advances in Cryptology--CRYPTO 2021: 41st Annual International Cryptology Conference, CRYPTO 2021, Virtual Event, August 16--20, 2021, Proceedings, Part IV 41},
  pages={92--122},
  year={2021},
  organization={Springer}
}

@inproceedings{bootle2022gemini,
  title={Gemini: Elastic SNARKs for diverse environments},
  author={Bootle, Jonathan and Chiesa, Alessandro and Hu, Yuncong and Orru, Michele},
  booktitle={Annual International Conference on the Theory and Applications of Cryptographic Techniques},
  pages={427--457},
  year={2022},
  organization={Springer}
}

@inproceedings{bunz2018bulletproofs,
  title={Bulletproofs: Short proofs for confidential transactions and more},
  author={B{\"u}nz, Benedikt and Bootle, Jonathan and Boneh, Dan and Poelstra, Andrew and Wuille, Pieter and Maxwell, Greg},
  booktitle={2018 IEEE symposium on security and privacy (SP)},
  pages={315--334},
  year={2018},
  organization={IEEE}
}

@inproceedings{chen2017big,
  title={Big prime field FFT on the GPU},
  author={Chen, Liangyu and Covanov, Svyatoslav and Mohajerani, Davood and Moreno Maza, Marc},
  booktitle={Proceedings of the 2017 ACM on International Symposium on Symbolic and Algebraic Computation},
  pages={85--92},
  year={2017}
}

@inproceedings{chen2023hyperplonk,
  title={Hyperplonk: Plonk with linear-time prover and high-degree custom gates},
  author={Chen, Binyi and B{\"u}nz, Benedikt and Boneh, Dan and Zhang, Zhenfei},
  booktitle={Annual International Conference on the Theory and Applications of Cryptographic Techniques},
  pages={499--530},
  year={2023},
  organization={Springer}
}

@inproceedings{chiesa2020marlin,
  title={Marlin: Preprocessing zkSNARKs with universal and updatable SRS},
  author={Chiesa, Alessandro and Hu, Yuncong and Maller, Mary and Mishra, Pratyush and Vesely, Noah and Ward, Nicholas},
  booktitle={Advances in Cryptology--EUROCRYPT 2020: 39th Annual International Conference on the Theory and Applications of Cryptographic Techniques, Zagreb, Croatia, May 10--14, 2020, Proceedings, Part I 39},
  pages={738--768},
  year={2020},
  organization={Springer}
}

@misc{circom,
  author = {Iden3},
  title = {Circom: A zk-SNARK Circuit Compiler},
  howpublished = {\url{https://github.com/iden3/circom}},
  year = {2023}
}

@inproceedings{dai2016cuhe,
  title={cuHE: A homomorphic encryption accelerator library},
  author={Dai, Wei and Sunar, Berk},
  booktitle={Cryptography and Information Security in the Balkans: Second International Conference, BalkanCryptSec 2015, Koper, Slovenia, September 3-4, 2015, Revised Selected Papers 2},
  pages={169--186},
  year={2016},
  organization={Springer}
}

@article{dittmer2020line,
  title={Line-point zero knowledge and its applications},
  author={Dittmer, Samuel and Ishai, Yuval and Ostrovsky, Rafail},
  journal={Cryptology ePrint Archive},
  year={2020}
}

@article{gabizon2019plonk,
  title={Plonk: Permutations over lagrange-bases for oecumenical noninteractive arguments of knowledge},
  author={Gabizon, Ariel and Williamson, Zachary J and Ciobotaru, Oana},
  journal={Cryptology ePrint Archive},
  year={2019}
}

@misc{gnark,
  author = {ConsenSys},
  title = {Gnark: A library to write and run fast zk-SNARKs},
  howpublished = {\url{https://github.com/ConsenSys/gnark}},
  year = {2023}
}

@article{goey2021accelerating,
  title={Accelerating number theoretic transform in GPU platform for fully homomorphic encryption},
  author={Goey, Jia-Zheng and Lee, Wai-Kong and Goi, Bok-Min and Yap, Wun-She},
  journal={The Journal of Supercomputing},
  volume={77},
  pages={1455--1474},
  year={2021},
  publisher={Springer}
}

@inproceedings{govindaraju2008high,
  title={High performance discrete Fourier transforms on graphics processors},
  author={Govindaraju, Naga K and Lloyd, Brandon and Dotsenko, Yuri and Smith, Burton and Manferdelli, John},
  booktitle={SC'08: Proceedings of the 2008 ACM/IEEE conference on Supercomputing},
  pages={1--12},
  year={2008},
  organization={IEEE}
}

@inproceedings{groth2016size,
  title={On the size of pairing-based non-interactive arguments},
  author={Groth, Jens},
  booktitle={Advances in Cryptology--EUROCRYPT 2016: 35th Annual International Conference on the Theory and Applications of Cryptographic Techniques, Vienna, Austria, May 8-12, 2016, Proceedings, Part II 35},
  pages={305--326},
  year={2016},
  organization={Springer}
}

@inproceedings{ji2024accelerating,
  title={Accelerating Multi-Scalar Multiplication for Efficient Zero Knowledge Proofs with Multi-GPU Systems},
  author={Ji, Zhuoran and Zhang, Zhiyuan and Xu, Jiming and Ju, Lei},
  booktitle={Proceedings of the 29th ACM International Conference on Architectural Support for Programming Languages and Operating Systems, Volume 3},
  pages={57--70},
  year={2024}
}

@inproceedings{kim2020accelerating,
  title={Accelerating number theoretic transformations for bootstrappable homomorphic encryption on gpus},
  author={Kim, Sangpyo and Jung, Wonkyung and Park, Jaiyoung and Ahn, Jung Ho},
  booktitle={2020 IEEE International Symposium on Workload Characterization (IISWC)},
  pages={264--275},
  year={2020},
  organization={IEEE}
}

@misc{libsnark,
  author = {SCIPR Lab},
  title = {libsnark: A C++ library for zk-SNARKs},
  howpublished = {\url{https://github.com/scipr-lab/libsnark}},
  year = {2023}
}

@inproceedings{liu2024pianist,
  title={Pianist: Scalable zkrollups via fully distributed zero-knowledge proofs},
  author={Liu, Tianyi and Xie, Tiancheng and Zhang, Jiaheng and Song, Dawn and Zhang, Yupeng},
  booktitle={2024 IEEE Symposium on Security and Privacy (SP)},
  pages={1777--1793},
  year={2024},
  organization={IEEE}
}

@inproceedings{ma2023gzkp,
  title={Gzkp: A gpu accelerated zero-knowledge proof system},
  author={Ma, Weiliang and Xiong, Qian and Shi, Xuanhua and Ma, Xiaosong and Jin, Hai and Kuang, Haozhao and Gao, Mingyu and Zhang, Ye and Shen, Haichen and Hu, Weifang},
  booktitle={Proceedings of the 28th ACM International Conference on Architectural Support for Programming Languages and Operating Systems, Volume 2},
  pages={340--353},
  year={2023}
}

@inproceedings{pippenger1976evaluation,
  title={On the evaluation of powers and related problems},
  author={Pippenger, Nicholas},
  booktitle={17th Annual Symposium on Foundations of Computer Science (sfcs 1976)},
  pages={258--263},
  year={1976},
  organization={IEEE Computer Society}
}

@article{qi2023split,
  title={Split: A Hash-Based Memory Optimization Method for Zero-Knowledge Succinct Non-Interactive Argument of Knowledge (zk-SNARK)},
  author={Qi, Huayi and Cheng, Ye and Xu, Minghui and Yu, Dongxiao and Wang, Haipeng and Lyu, Weifeng},
  journal={IEEE Transactions on Computers},
  volume={72},
  number={7},
  pages={1857--1870},
  year={2023},
  publisher={IEEE}
}

@inproceedings{sang2023automating,
  title={Ou: Automating the Parallelization of Zero-Knowledge Protocols},
  author={Sang, Yuyang and Luo, Ning and Judson, Samuel and Chaimberg, Ben and Antonopoulos, Timos and Wang, Xiao and Piskac, Ruzica and Shao, Zhong},
  booktitle={Proceedings of the 2023 ACM SIGSAC Conference on Computer and Communications Security},
  pages={534--548},
  year={2023}
}

@inproceedings{setty2020spartan,
  title={Spartan: Efficient and general-purpose zkSNARKs without trusted setup},
  author={Setty, Srinath},
  booktitle={Annual International Cryptology Conference},
  pages={704--737},
  year={2020},
  organization={Springer}
}

@article{straus1964addition,
  title={Addition chains of vectors (problem 5125)},
  author={Straus, Ernst G},
  journal={American Mathematical Monthly},
  volume={70},
  number={806-808},
  pages={16},
  year={1964}
}

@inproceedings{wahby2018doubly,
  title={Doubly-efficient zkSNARKs without trusted setup},
  author={Wahby, Riad S and Tzialla, Ioanna and Shelat, Abhi and Thaler, Justin and Walfish, Michael},
  booktitle={2018 IEEE Symposium on Security and Privacy (SP)},
  pages={926--943},
  year={2018},
  organization={IEEE}
}

@inproceedings{weng2021wolverine,
  title={Wolverine: fast, scalable, and communication-efficient zero-knowledge proofs for boolean and arithmetic circuits},
  author={Weng, Chenkai and Yang, Kang and Katz, Jonathan and Wang, Xiao},
  booktitle={2021 IEEE Symposium on Security and Privacy (SP)},
  pages={1074--1091},
  year={2021},
  organization={IEEE}
}

@inproceedings{wu2018dizk,
  title={$\{$DIZK$\}$: A distributed zero knowledge proof system},
  author={Wu, Howard and Zheng, Wenting and Chiesa, Alessandro and Popa, Raluca Ada and Stoica, Ion},
  booktitle={27th USENIX Security Symposium (USENIX Security 18)},
  pages={675--692},
  year={2018}
}

@inproceedings{xie2022zkbridge,
  title={zkbridge: Trustless cross-chain bridges made practical},
  author={Xie, Tiancheng and Zhang, Jiaheng and Cheng, Zerui and Zhang, Fan and Zhang, Yupeng and Jia, Yongzheng and Boneh, Dan and Song, Dawn},
  booktitle={Proceedings of the 2022 ACM SIGSAC Conference on Computer and Communications Security},
  pages={3003--3017},
  year={2022}
}

@inproceedings{zhang2021pipezk,
  title={Pipezk: Accelerating zero-knowledge proof with a pipelined architecture},
  author={Zhang, Ye and Wang, Shuo and Zhang, Xian and Dong, Jiangbin and Mao, Xingzhong and Long, Fan and Wang, Cong and Zhou, Dong and Gao, Mingyu and Sun, Guangyu},
  booktitle={2021 ACM/IEEE 48th Annual International Symposium on Computer Architecture (ISCA)},
  pages={416--428},
  year={2021},
  organization={IEEE}
}

