@inproceedings{sasson2014zerocash,
  title={Zerocash: Decentralized anonymous payments from bitcoin},
  author={Sasson, Eli Ben and Chiesa, Alessandro and Garman, Christina and Green, Matthew and Miers, Ian and Tromer, Eran and Virza, Madars},
  booktitle={2014 IEEE symposium on security and privacy},
  pages={459--474},
  year={2014},
  organization={IEEE}
}
@inproceedings{danezis2013pinocchio,
  title={Pinocchio coin: building zerocoin from a succinct pairing-based proof system},
  author={Danezis, George and Fournet, Cedric and Kohlweiss, Markulf and Parno, Bryan},
  booktitle={Proceedings of the First ACM workshop on Language support for privacy-enhancing technologies},
  pages={27--30},
  year={2013}
}
@misc{filecoin2022,
  author       = {{Filecoin Corp.}},
  title        = {Filecoin},
  year         = {2022},
  url          = {https://filecoin.io/},
  note         = {Accessed: 2022-09-24}
}

@misc{quorum2022,
  author       = {{J.P. Morgan Quorum Corp.}},
  title        = {Quorum},
  year         = {2022},
  url          = {https://www.goquorum.com/},
  note         = {Accessed: 2022-09-24}
}

@misc{mina2022,
  author       = {{Mina Corp.}},
  title        = {Mina Protocol},
  year         = {2022},
  url          = {https://minaprotocol.com/},
  note         = {Accessed: 2022-09-24}
}

@misc{qedit2017,
  author       = {{QED it Corp.}},
  title        = {QED it},
  year         = {2017},
  url          = {https://qed-it.com/},
  note         = {Accessed: 2022-09-24}
}

@article{wahby2014efficient,
  title={Efficient RAM and control flow in verifiable outsourced computation},
  author={Wahby, Riad S and Setty, Srinath and Howald, Max and Ren, Zuocheng and Blumberg, Andrew J and Walfish, Michael},
  journal={Cryptology ePrint Archive},
  year={2014}
}
@inproceedings{costello2015geppetto,
  title={Geppetto: Versatile verifiable computation},
  author={Costello, Craig and Fournet, C{\'e}dric and Howell, Jon and Kohlweiss, Markulf and Kreuter, Benjamin and Naehrig, Michael and Parno, Bryan and Zahur, Samee},
  booktitle={2015 IEEE Symposium on Security and Privacy},
  pages={253--270},
  year={2015},
  organization={IEEE}
}
@inproceedings{kosba2016hawk,
  title={Hawk: The blockchain model of cryptography and privacy-preserving smart contracts},
  author={Kosba, Ahmed and Miller, Andrew and Shi, Elaine and Wen, Zikai and Papamanthou, Charalampos},
  booktitle={2016 IEEE symposium on security and privacy (SP)},
  pages={839--858},
  year={2016},
  organization={IEEE}
}
@inproceedings{delignat2016cinderella,
  title={Cinderella: Turning shabby X. 509 certificates into elegant anonymous credentials with the magic of verifiable computation},
  author={Delignat-Lavaud, Antoine and Fournet, C{\'e}dric and Kohlweiss, Markulf and Parno, Bryan},
  booktitle={2016 IEEE Symposium on Security and Privacy (SP)},
  pages={235--254},
  year={2016},
  organization={IEEE}
}
@inproceedings{chen2024zkml,
  title={ZKML: An Optimizing System for ML Inference in Zero-Knowledge Proofs},
  author={Chen, Bing-Jyue and Waiwitlikhit, Suppakit and Stoica, Ion and Kang, Daniel},
  booktitle={Proceedings of the Nineteenth European Conference on Computer Systems},
  pages={560--574},
  year={2024}
}
@inproceedings{xie2022zkbridge,
  title={zkbridge: Trustless cross-chain bridges made practical},
  author={Xie, Tiancheng and Zhang, Jiaheng and Cheng, Zerui and Zhang, Fan and Zhang, Yupeng and Jia, Yongzheng and Boneh, Dan and Song, Dawn},
  booktitle={Proceedings of the 2022 ACM SIGSAC Conference on Computer and Communications Security},
  pages={3003--3017},
  year={2022}
}
@article{li2023zksql,
  title={Zksql: Verifiable and efficient query evaluation with zero-knowledge proofs},
  author={Li, Xiling and Weng, Chenkai and Xu, Yongxin and Wang, Xiao and Rogers, Jennie},
  journal={Proceedings of the VLDB Endowment},
  volume={16},
  number={8},
  year={2023},
  publisher={PVLDB}
}
@article{guo2024zkcross,
  title={zkCross: A Novel Architecture for Cross-Chain Privacy-Preserving Auditing},
  author={Guo, Yihao and Xu, Minghui and Cheng, Xiuzhen and Yu, Dongxiao and Qiu, Wangjie and Qu, Gang and Wang, Weibing and Song, Mingming},
  journal={Cryptology ePrint Archive},
  year={2024}
}
@inproceedings{liu2021zkcnn,
  title={Zkcnn: Zero knowledge proofs for convolutional neural network predictions and accuracy},
  author={Liu, Tianyi and Xie, Xiang and Zhang, Yupeng},
  booktitle={Proceedings of the 2021 ACM SIGSAC Conference on Computer and Communications Security},
  pages={2968--2985},
  year={2021}
}
@inproceedings{bunz2018bulletproofs,
  title={Bulletproofs: Short proofs for confidential transactions and more},
  author={B{\"u}nz, Benedikt and Bootle, Jonathan and Boneh, Dan and Poelstra, Andrew and Wuille, Pieter and Maxwell, Greg},
  booktitle={2018 IEEE symposium on security and privacy (SP)},
  pages={315--334},
  year={2018},
  organization={IEEE}
}
@inproceedings{setty2020spartan,
  title={Spartan: Efficient and general-purpose zkSNARKs without trusted setup},
  author={Setty, Srinath},
  booktitle={Annual International Cryptology Conference},
  pages={704--737},
  year={2020},
  organization={Springer}
}
@inproceedings{wahby2018doubly,
  title={Doubly-efficient zkSNARKs without trusted setup},
  author={Wahby, Riad S and Tzialla, Ioanna and Shelat, Abhi and Thaler, Justin and Walfish, Michael},
  booktitle={2018 IEEE Symposium on Security and Privacy (SP)},
  pages={926--943},
  year={2018},
  organization={IEEE}
}
@inproceedings{bitansky2013succinct,
  title={Succinct non-interactive arguments via linear interactive proofs},
  author={Bitansky, Nir and Chiesa, Alessandro and Ishai, Yuval and Paneth, Omer and Ostrovsky, Rafail},
  booktitle={Theory of Cryptography: 10th Theory of Cryptography Conference, TCC 2013, Tokyo, Japan, March 3-6, 2013. Proceedings},
  pages={315--333},
  year={2013},
  organization={Springer}
}
@inproceedings{chiesa2020marlin,
  title={Marlin: Preprocessing zkSNARKs with universal and updatable SRS},
  author={Chiesa, Alessandro and Hu, Yuncong and Maller, Mary and Mishra, Pratyush and Vesely, Noah and Ward, Nicholas},
  booktitle={Advances in Cryptology--EUROCRYPT 2020: 39th Annual International Conference on the Theory and Applications of Cryptographic Techniques, Zagreb, Croatia, May 10--14, 2020, Proceedings, Part I 39},
  pages={738--768},
  year={2020},
  organization={Springer}
}
@inproceedings{ben2013snarks,
  title={SNARKs for C: Verifying program executions succinctly and in zero knowledge},
  author={Ben-Sasson, Eli and Chiesa, Alessandro and Genkin, Daniel and Tromer, Eran and Virza, Madars},
  booktitle={Annual cryptology conference},
  pages={90--108},
  year={2013},
  organization={Springer}
}
@inproceedings{baum2021mac,
  title={Mac'n'Cheese Mac'n'Cheese: Zero-Knowledge Proofs for Boolean and Arithmetic Circuits with Nested Disjunctions},
  author={Baum, Carsten and Malozemoff, Alex J and Rosen, Marc B and Scholl, Peter},
  booktitle={Advances in Cryptology--CRYPTO 2021: 41st Annual International Cryptology Conference, CRYPTO 2021, Virtual Event, August 16--20, 2021, Proceedings, Part IV 41},
  pages={92--122},
  year={2021},
  organization={Springer}
}
@article{dittmer2020line,
  title={Line-point zero knowledge and its applications},
  author={Dittmer, Samuel and Ishai, Yuval and Ostrovsky, Rafail},
  journal={Cryptology ePrint Archive},
  year={2020}
}
@inproceedings{weng2021wolverine,
  title={Wolverine: fast, scalable, and communication-efficient zero-knowledge proofs for boolean and arithmetic circuits},
  author={Weng, Chenkai and Yang, Kang and Katz, Jonathan and Wang, Xiao},
  booktitle={2021 IEEE Symposium on Security and Privacy (SP)},
  pages={1074--1091},
  year={2021},
  organization={IEEE}
}
@inproceedings{wu2018dizk,
  title={$\{$DIZK$\}$: A distributed zero knowledge proof system},
  author={Wu, Howard and Zheng, Wenting and Chiesa, Alessandro and Popa, Raluca Ada and Stoica, Ion},
  booktitle={27th USENIX Security Symposium (USENIX Security 18)},
  pages={675--692},
  year={2018}
}
@inproceedings{liu2024pianist,
  title={Pianist: Scalable zkrollups via fully distributed zero-knowledge proofs},
  author={Liu, Tianyi and Xie, Tiancheng and Zhang, Jiaheng and Song, Dawn and Zhang, Yupeng},
  booktitle={2024 IEEE Symposium on Security and Privacy (SP)},
  pages={1777--1793},
  year={2024},
  organization={IEEE}
}
@article{qi2023split,
  title={Split: A Hash-Based Memory Optimization Method for Zero-Knowledge Succinct Non-Interactive Argument of Knowledge (zk-SNARK)},
  author={Qi, Huayi and Cheng, Ye and Xu, Minghui and Yu, Dongxiao and Wang, Haipeng and Lyu, Weifeng},
  journal={IEEE Transactions on Computers},
  volume={72},
  number={7},
  pages={1857--1870},
  year={2023},
  publisher={IEEE}
}
@inproceedings{bootle2022gemini,
  title={Gemini: Elastic SNARKs for diverse environments},
  author={Bootle, Jonathan and Chiesa, Alessandro and Hu, Yuncong and Orru, Michele},
  booktitle={Annual International Conference on the Theory and Applications of Cryptographic Techniques},
  pages={427--457},
  year={2022},
  organization={Springer}
}
@inproceedings{zhang2021pipezk,
  title={Pipezk: Accelerating zero-knowledge proof with a pipelined architecture},
  author={Zhang, Ye and Wang, Shuo and Zhang, Xian and Dong, Jiangbin and Mao, Xingzhong and Long, Fan and Wang, Cong and Zhou, Dong and Gao, Mingyu and Sun, Guangyu},
  booktitle={2021 ACM/IEEE 48th Annual International Symposium on Computer Architecture (ISCA)},
  pages={416--428},
  year={2021},
  organization={IEEE}
}
@inproceedings{ma2023gzkp,
  title={Gzkp: A gpu accelerated zero-knowledge proof system},
  author={Ma, Weiliang and Xiong, Qian and Shi, Xuanhua and Ma, Xiaosong and Jin, Hai and Kuang, Haozhao and Gao, Mingyu and Zhang, Ye and Shen, Haichen and Hu, Weifang},
  booktitle={Proceedings of the 28th ACM International Conference on Architectural Support for Programming Languages and Operating Systems, Volume 2},
  pages={340--353},
  year={2023}
}
@inproceedings{ji2024accelerating,
  title={Accelerating Multi-Scalar Multiplication for Efficient Zero Knowledge Proofs with Multi-GPU Systems},
  author={Ji, Zhuoran and Zhang, Zhiyuan and Xu, Jiming and Ju, Lei},
  booktitle={Proceedings of the 29th ACM International Conference on Architectural Support for Programming Languages and Operating Systems, Volume 3},
  pages={57--70},
  year={2024}
}
@inproceedings{govindaraju2008high,
  title={High performance discrete Fourier transforms on graphics processors},
  author={Govindaraju, Naga K and Lloyd, Brandon and Dotsenko, Yuri and Smith, Burton and Manferdelli, John},
  booktitle={SC'08: Proceedings of the 2008 ACM/IEEE conference on Supercomputing},
  pages={1--12},
  year={2008},
  organization={IEEE}
}
@inproceedings{groth2016size,
  title={On the size of pairing-based non-interactive arguments},
  author={Groth, Jens},
  booktitle={Advances in Cryptology--EUROCRYPT 2016: 35th Annual International Conference on the Theory and Applications of Cryptographic Techniques, Vienna, Austria, May 8-12, 2016, Proceedings, Part II 35},
  pages={305--326},
  year={2016},
  organization={Springer}
}
@article{gabizon2019plonk,
  title={Plonk: Permutations over lagrange-bases for oecumenical noninteractive arguments of knowledge},
  author={Gabizon, Ariel and Williamson, Zachary J and Ciobotaru, Oana},
  journal={Cryptology ePrint Archive},
  year={2019}
}
@inproceedings{chen2023hyperplonk,
  title={Hyperplonk: Plonk with linear-time prover and high-degree custom gates},
  author={Chen, Binyi and B{\"u}nz, Benedikt and Boneh, Dan and Zhang, Zhenfei},
  booktitle={Annual International Conference on the Theory and Applications of Cryptographic Techniques},
  pages={499--530},
  year={2023},
  organization={Springer}
}
@article{parno2016pinocchio,
  title={Pinocchio: Nearly practical verifiable computation},
  author={Parno, Bryan and Howell, Jon and Gentry, Craig and Raykova, Mariana},
  journal={Communications of the ACM},
  volume={59},
  number={2},
  pages={103--112},
  year={2016},
  publisher={ACM New York, NY, USA}
}

@inproceedings{ben2019scalable,
  title={Scalable zero knowledge with no trusted setup},
  author={Ben-Sasson, Eli and Bentov, Iddo and Horesh, Yinon and Riabzev, Michael},
  booktitle={Advances in Cryptology--CRYPTO 2019: 39th Annual International Cryptology Conference, Santa Barbara, CA, USA, August 18--22, 2019, Proceedings, Part III 39},
  pages={701--732},
  year={2019},
  organization={Springer}
}
@article{zhang2017zero,
  title={A zero-knowledge version of vSQL},
  author={Zhang, Yupeng and Genkin, Daniel and Katz, Jonathan and Papadopoulos, Dimitrios and Papamanthou, Charalampos},
  journal={Cryptology ePrint Archive},
  year={2017}
}
@article{xu2024exploring,
  title={Exploring blockchain technology through a modular lens: A survey},
  author={Xu, Minghui and Guo, Yihao and Liu, Chunchi and Hu, Qin and Yu, Dongxiao and Xiong, Zehui and Niyato, Dusit and Cheng, Xiuzhen},
  journal={ACM Computing Surveys},
  volume={56},
  number={9},
  pages={1--39},
  year={2024},
  publisher={ACM New York, NY}
}
@article{botrel2023faster,
  title={Faster Montgomery multiplication and multi-scalar-multiplication for SNARKs},
  author={Botrel, Gautam and El Housni, Youssef},
  journal={IACR Transactions on Cryptographic Hardware and Embedded Systems},
  volume={2023},
  number={3},
  pages={504--521},
  year={2023}
}
@article{chen2024load,
  title={Load-Balanced Parallel Implementation on GPUs for Multi-Scalar Multiplication Algorithm},
  author={Chen, Yutian and Peng, Cong and Dai, Yu and Luo, Min and He, Debiao},
  journal={IACR Transactions on Cryptographic Hardware and Embedded Systems},
  volume={2024},
  number={2},
  pages={522--544},
  year={2024}
}
@misc{circom,
  author = {Iden3},
  title = {Circom: A zk-SNARK Circuit Compiler},
  howpublished = {\url{https://github.com/iden3/circom}},
  year = {2023}
}

@misc{gnark,
  author = {ConsenSys},
  title = {Gnark: A library to write and run fast zk-SNARKs},
  howpublished = {\url{https://github.com/ConsenSys/gnark}},
  year = {2023}
}

@misc{libsnark,
  author = {SCIPR Lab},
  title = {libsnark: A C++ library for zk-SNARKs},
  howpublished = {\url{https://github.com/scipr-lab/libsnark}},
  year = {2023}
}
@inproceedings{chen2017big,
  title={Big prime field FFT on the GPU},
  author={Chen, Liangyu and Covanov, Svyatoslav and Mohajerani, Davood and Moreno Maza, Marc},
  booktitle={Proceedings of the 2017 ACM on International Symposium on Symbolic and Algebraic Computation},
  pages={85--92},
  year={2017}
}
@inproceedings{dai2016cuhe,
  title={cuHE: A homomorphic encryption accelerator library},
  author={Dai, Wei and Sunar, Berk},
  booktitle={Cryptography and Information Security in the Balkans: Second International Conference, BalkanCryptSec 2015, Koper, Slovenia, September 3-4, 2015, Revised Selected Papers 2},
  pages={169--186},
  year={2016},
  organization={Springer}
}
@article{goey2021accelerating,
  title={Accelerating number theoretic transform in GPU platform for fully homomorphic encryption},
  author={Goey, Jia-Zheng and Lee, Wai-Kong and Goi, Bok-Min and Yap, Wun-She},
  journal={The Journal of Supercomputing},
  volume={77},
  pages={1455--1474},
  year={2021},
  publisher={Springer}
}
@inproceedings{kim2020accelerating,
  title={Accelerating number theoretic transformations for bootstrappable homomorphic encryption on gpus},
  author={Kim, Sangpyo and Jung, Wonkyung and Park, Jaiyoung and Ahn, Jung Ho},
  booktitle={2020 IEEE International Symposium on Workload Characterization (IISWC)},
  pages={264--275},
  year={2020},
  organization={IEEE}
}
@inproceedings{pippenger1976evaluation,
  title={On the evaluation of powers and related problems},
  author={Pippenger, Nicholas},
  booktitle={17th Annual Symposium on Foundations of Computer Science (sfcs 1976)},
  pages={258--263},
  year={1976},
  organization={IEEE Computer Society}
}
@article{straus1964addition,
  title={Addition chains of vectors (problem 5125)},
  author={Straus, Ernst G},
  journal={American Mathematical Monthly},
  volume={70},
  number={806-808},
  pages={16},
  year={1964}
}
@inproceedings{sang2023automating,
  title={Ou: Automating the Parallelization of Zero-Knowledge Protocols},
  author={Sang, Yuyang and Luo, Ning and Judson, Samuel and Chaimberg, Ben and Antonopoulos, Timos and Wang, Xiao and Piskac, Ruzica and Shao, Zhong},
  booktitle={Proceedings of the 2023 ACM SIGSAC Conference on Computer and Communications Security},
  pages={534--548},
  year={2023}
}
@article{karypis1998fast,
  title={A fast and high quality multilevel scheme for partitioning irregular graphs},
  author={Karypis, George and Kumar, Vipin},
  journal={SIAM Journal on scientific Computing},
  volume={20},
  number={1},
  pages={359--392},
  year={1998},
  publisher={SIAM}
}
@article{yu2017survey,
  title={A survey of verifiable computation},
  author={Yu, Xixun and Yan, Zheng and Vasilakos, Athanasios V},
  journal={Mobile Networks and Applications},
  volume={22},
  pages={438--453},
  year={2017},
  publisher={Springer}
}
@inproceedings{gennaro2010non,
  title={Non-interactive verifiable computing: Outsourcing computation to untrusted workers},
  author={Gennaro, Rosario and Gentry, Craig and Parno, Bryan},
  booktitle={Advances in Cryptology--CRYPTO 2010: 30th Annual Cryptology Conference, Santa Barbara, CA, USA, August 15-19, 2010. Proceedings 30},
  pages={465--482},
  year={2010},
  organization={Springer}
}
@article{yang2019comprehensive,
  title={A comprehensive survey on secure outsourced computation and its applications},
  author={Yang, Yang and Huang, Xindi and Liu, Ximeng and Cheng, Hongju and Weng, Jian and Luo, Xiangyang and Chang, Victor},
  journal={IEEE Access},
  volume={7},
  pages={159426--159465},
  year={2019},
  publisher={IEEE}
}
@article{shan2018practical,
  title={Practical secure computation outsourcing: A survey},
  author={Shan, Zihao and Ren, Kui and Blanton, Marina and Wang, Cong},
  journal={ACM Computing Surveys (CSUR)},
  volume={51},
  number={2},
  pages={1--40},
  year={2018},
  publisher={ACM New York, NY, USA}
}
@article{rosenberg2024hekaton,
  title={HEKATON: Horizontally-Scalable zkSNARKs via Proof Aggregation},
  author={Rosenberg, Michael and Mopuri, Tushar and Hafezi, Hossein and Miers, Ian and Mishra, Pratyush},
  journal={Cryptology ePrint Archive},
  year={2024}
}