@article{azeem2024llm,
  title={LLM-Driven Robots Risk Enacting Discrimination, Violence, and Unlawful Actions},
  author={Azeem, Rumaisa and Hundt, Andrew and Mansouri, Masoumeh and Brand{\~a}o, Martim},
  journal={arXiv preprint arXiv:2406.08824},
  year={2024}
}

@inproceedings{guidi2022ambivalent,
  title={Ambivalent stereotypes towards gendered robots: the (im) mutability of bias towards female and neutral robots},
  author={Guidi, Stefano and Boor, Latisha and van der Bij, Laura and Foppen, Robin and Rikmenspoel, Okke and Perugia, Giulia},
  booktitle={International Conference on Social Robotics},
  pages={615--626},
  year={2022},
  organization={Springer}
}

@inproceedings{lee2022configuring,
  title={Configuring humans: What roles humans play in hri research},
  author={Lee, Hee Rin and Cheon, EunJeong and Lim, Chaeyun and Fischer, Kerstin},
  booktitle={2022 17th ACM/IEEE International Conference on Human-Robot Interaction (HRI)},
  pages={478--492},
  year={2022},
  organization={IEEE}
}

@article{moradbakhti2023counter,
  title={(Counter-) stereotypical Gendering of Robots in Care: Impact on Needs Satisfaction and Gender Role Concepts in Men and Women Users},
  author={Moradbakhti, Laura and Mara, Martina and Castellano, Ginevra and Winkle, Katie},
  journal={International Journal of Social Robotics},
  volume={15},
  number={11},
  pages={1769--1790},
  year={2023},
  publisher={Springer}
}

@article{seaborn2023not,
  title={Not Only WEIRD but “Uncanny”? A Systematic Review of Diversity in Human--Robot Interaction Research},
  author={Seaborn, Katie and Barbareschi, Giulia and Chandra, Shruti},
  journal={International Journal of Social Robotics},
  pages={1--30},
  year={2023},
  publisher={Springer}
}

@article{seaborndiversity,
  title={Diversity Not Discussed: Centring Overlooked Factors of Inclusion within Human-Robot Interaction},
  author={Seaborn, Katie},
  journal={Inclusive HRI II: Workshop on Equity and Diversity in Design, Application, Methods, and Community (DEI) at HRI '23},
  year={2023}
}

@article{wessel2021gender,
  title={Gender stereotyping of robotic systems in eldercare: An exploratory analysis of ethical problems and possible solutions},
  author={Wessel, Merle and Ellerich-Groppe, Niklas and Schweda, Mark},
  journal={International Journal of Social Robotics},
  pages={1--14},
  year={2021},
  publisher={Springer}
}

@article{winkle202315,
  title={15 Years of (Who) man Robot Interaction: Reviewing the H in Human-Robot Interaction},
  author={Winkle, Katie and Lagerstedt, Erik and Torre, Ilaria and Offenwanger, Anna},
  journal={ACM Transactions on Human-Robot Interaction},
  volume={12},
  number={3},
  pages={1--28},
  year={2023},
  publisher={ACM New York, NY}
}

