@inproceedings{aroor2017mengeros,
  title={{MengeROS: A Crowd Simulation Tool for Autonomous Robot Navigation}},
  author={Aroor, Anoop and Susan L Epstein and Raj Korpan},
  booktitle={Proceedings of AAAI Fall Symposium on Artificial Intelligence for Human-Robot Interaction},
  pages={123--125},
  year={2017},
  organization={AAAI}
}

@inproceedings{aroor2018online,
 author = {Aroor, Anoop and Susan L Epstein and Raj Korpan},
 title = {Online learning for crowd-sensitive path planning},
 booktitle = {Proceedings of the 17th Conference on Autonomous Agents and MultiAgent Systems},
 series = {AAMAS '18},
 year = {2018},
 publisher = {International Foundation for Autonomous Agents and Multiagent Systems}
}

@inproceedings{epstein2019planning,
  author = {Epstein, Susan L. and Korpan, Raj},
  booktitle = {COSIT-2019},
  editor = {Timpf, Sabine and Schlieder, Christoph and Kattenbeck, Markus and Ludwig, Bernd and Stewart, Kathleen},
  pages = {22:1-22:20},
  publisher = {Schloss Dagstuhl},
  series = {LIPICS},
  title = {Planning and Explanations with a Learned Spatial Model},
  volume = {142},
  year = {2019}
}

@inproceedings{epstein2020metareasoning,
  title={Metareasoning and Path Planning for Autonomous Indoor Navigation},
  author={Epstein, Susan L. and Korpan, Raj},
  booktitle={Proceedings of the ICAPS 2020 Workshop on Integrated Execution (IntEx) / Goal Reasoning (GR)},
  year={2020}
}

@article{kennington2024dialogue,
  title={Dialogue with Robots: Proposals for Broadening Participation and Research in the SLIVAR Community},
  author={Kennington, Casey and Alikhani, Malihe and Pon-Barry, Heather and Atwell, Katherine and Bisk, Yonatan and Fried, Daniel and Gervits, Felix and Han, Zhao and Inan, Mert and Johnston, Michael and others},
  journal={arXiv preprint arXiv:2404.01158},
  year={2024}
}

@misc{korpan2017metaheuristics,
  title={Metaheuristics and Cognitive Models for Autonomous Robot Navigation},
  note={The Graduate Center, City University of New York},
  howpublished={A literature review submitted in partial fulfillment of the requirements for the degree of PhD},
  year={2017},
  author={Korpan, Raj}
}

@inproceedings{korpan2017why,
  title={\textsc{Why}: Natural Explanations from a Robot Navigator},
  author={Korpan, Raj and Epstein, Susan L and Aroor, Anoop and Dekel, Gil},
  booktitle={Proceedings of AAAI 2017 Fall Symposium on Natural Communication for Human-Robot Collaboration},
  year={2017}
}

@inproceedings{korpan2018toward,
  title={Toward Natural Explanations for a Robot's Navigation Plans},
  author={Korpan, Raj and Epstein, Susan L},
  booktitle={Proceedings of Workshop on Explainable Robotic Systems at HRI 2018},
  year={2018}
}

@inproceedings{korpan2021hierarchical,
  title={Hierarchical Freespace Planning for Navigation in Unfamiliar Worlds},
  author={Korpan, Raj and Epstein, Susan L},
  booktitle={Proceedings of the 31st International Conference on Automated Planning and Scheduling},
  year={2021}
}

@inproceedings{korpan2021contrastive,
  title={Contrastive Natural Language Explanations for Multi-Objective Path Planning},
  author={Korpan, Raj and Epstein, Susan},
  booktitle={ICAPS 2021 Workshop on Explainable AI Planning},
  year={2021}
}

@inproceedings{korpan2021plan,
    title = {Plan Explanations that Exploit a Cognitive Spatial Model},
    author = {Korpan, Raj  and Epstein, Susan L.},
    booktitle = {Proceedings of Second International Combined Workshop on Spatial Language Understanding and Grounded Communication for Robotics},
    month = {aug},
    year = {2021},
    address = {Online},
    publisher = {Association for Computational Linguistics},
    url = {https://aclanthology.org/2021.splurobonlp-1.7},
    doi = {10.18653/v1/2021.splurobonlp-1.7},
    pages = {60--70}
}

@inproceedings{korpan2023vbmo,
  title={{VBMO}: Voting-Based Multi-Objective Path Planning},
  author={Korpan, Raj},
  booktitle={IJCAI 2023 First International Workshop on Search and Planning with Complex Objectives},
  year={2023}
}

@inproceedings{korpan2023trust,
  title={Trust in Queer Human-Robot Interaction},
  author={Korpan, Raj},
  booktitle={RO-MAN 2023 SCRITA Workshop on Trust, Acceptance and Social Cues in Human-Robot Interaction},
  year={2023}
}

@ARTICLE{korpan2024launching,
  author={Korpan, Raj and Ray, Ruchira and Sipos, Andrea and Dennler, Nathan and Parks, Max and Cabrera, Maria E. and Martín-Martín, Roberto},
  journal={IEEE Robotics \& Automation Magazine}, 
  title={Launching Queer in Robotics [Women in Engineering]}, 
  year={2024},
  volume={31},
  number={2},
  pages={144-146},
  keywords={Robots;Design engineering;Gender issues},
  doi={10.1109/MRA.2024.3388277}}

@inproceedings{korpan2024towards,
  title={Towards a Participatory and Social Justice-Oriented Measure of Human-Robot Trust},
  author={Korpan, Raj},
  booktitle={Workshop on Trust in HRI at the ACM/IEEE International Conference on Human-Robot Interaction},
  year={2024}
}

@inproceedings{korpan20243rd,
  title={3rd Workshop on Inclusive HRI: Equity and Diversity in Design, Application, Methods, and Community},
  author={Korpan, Raj and Eguchi, Amy and Han, Zhao and Ostrowski, Anastasia K and Ravindranath, Sindhu and Tanevska, Ana},
  booktitle={Companion of the 2024 ACM/IEEE International Conference on Human-Robot Interaction},
  pages={1329--1331},
  year={2024}
}

@inproceedings{queerinai2023queer,
author = {Queerinai, Organizers Of and Ovalle, Anaelia and Subramonian, Arjun and Singh, Ashwin and Voelcker, Claas and Sutherland, Danica J. and Locatelli, Davide and Breznik, Eva and Klubicka, Filip and Yuan, Hang and J, Hetvi and Zhang, Huan and Shriram, Jaidev and Lehman, Kruno and Soldaini, Luca and Sap, Maarten and Deisenroth, Marc Peter and Pacheco, Maria Leonor and Ryskina, Maria and Mundt, Martin and Agarwal, Milind and Mclean, Nyx and Xu, Pan and Pranav, A and Korpan, Raj and Ray, Ruchira and Mathew, Sarah and Arora, Sarthak and John, St and Anand, Tanvi and Agrawal, Vishakha and Agnew, William and Long, Yanan and Wang, Zijie J. and Talat, Zeerak and Ghosh, Avijit and Dennler, Nathaniel and Noseworthy, Michael and Jha, Sharvani and Baylor, Emi and Joshi, Aditya and Bilenko, Natalia Y. and Mcnamara, Andrew and Gontijo-Lopes, Raphael and Markham, Alex and Dong, Evyn and Kay, Jackie and Saraswat, Manu and Vytla, Nikhil and Stark, Luke},
title = {Queer In AI: A Case Study in Community-Led Participatory AI},
year = {2023},
isbn = {9798400701924},
publisher = {Association for Computing Machinery},
address = {New York, NY, USA},
url = {https://doi.org/10.1145/3593013.3594134},
doi = {10.1145/3593013.3594134},
booktitle = {Proceedings of the 2023 ACM Conference on Fairness, Accountability, and Transparency},
pages = {1882–1895},
numpages = {14},
location = {Chicago, IL, USA},
series = {FAccT '23}
}

@inproceedings{tanevska2023inclusive,
  title={Inclusive HRI II: Equity and Diversity in Design, Application, Methods, and Community},
  author={Tanevska, Ana and Chandra, Shruti and Barbareschi, Giulia and Eguchi, Amy and Han, Zhao and Korpan, Raj and Ostrowski, Anastasia K and Perugia, Giulia and Ravindranath, Sindhu and Seaborn, Katie and others},
  booktitle={Companion of the 2023 ACM/IEEE International Conference on Human-Robot Interaction},
  pages={956--958},
  year={2023}
}

@article{williams2023voice,
author = {Williams, Tom and Matuszek, Cynthia and Jokinen, Kristiina and Korpan, Raj and Pustejovsky, James and Scassellati, Brian},
title = {Voice in the Machine: Ethical Considerations for Language-Capable Robots},
year = {2023},
issue_date = {August 2023},
publisher = {Association for Computing Machinery},
address = {New York, NY, USA},
volume = {66},
number = {8},
issn = {0001-0782},
url = {https://doi.org/10.1145/3604632},
doi = {10.1145/3604632},
abstract = {Parsing the promise of language-capable robots.},
journal = {Commun. ACM},
month = {jul},
pages = {20–23},
numpages = {4}
}