@article{akash2018classification,
  title={A classification model for sensing human trust in machines using EEG and GSR},
  author={Akash, Kumar and Hu, Wan-Lin and Jain, Neera and Reid, Tahira},
  journal={ACM Transactions on Interactive Intelligent Systems (TiiS)},
  volume={8},
  number={4},
  pages={1--20},
  year={2018},
  publisher={ACM New York, NY, USA}
}

@inproceedings{arevalo2021reflecting,
  title={Reflecting upon Participatory Design in Human-Robot Collaboration for People with Motor Disabilities: Challenges and Lessons Learned from Three Multiyear Projects},
  author={Arevalo Arboleda, Stephanie and Pascher, Max and Baumeister, Annalies and Klein, Barbara and Gerken, Jens},
  booktitle={The 14th PErvasive Technologies Related to Assistive Environments Conference},
  pages={147--155},
  year={2021}
}

@article{axelsson2021social,
  title={Social robot co-design canvases: A participatory design framework},
  author={Axelsson, Minja and Oliveira, Raquel and Racca, Mattia and Kyrki, Ville},
  journal={ACM Transactions on Human-Robot Interaction (THRI)},
  volume={11},
  number={1},
  pages={1--39},
  year={2021},
  publisher={ACM New York, NY}
}

@inproceedings{axelsson2019participatory,
  title={A participatory design process of a robotic tutor of assistive sign language for children with autism},
  author={Axelsson, Minja and Racca, Mattia and Weir, Daryl and Kyrki, Ville},
  booktitle={2019 28th IEEE International Conference on Robot and Human Interactive Communication (RO-MAN)},
  pages={1--8},
  year={2019},
  organization={IEEE}
}

@article{ayhan2020systematic,
  title={A systematic review of the discrimination against sexual and gender minority in health care settings},
  author={Ayhan, Cemile Hurrem Balik and Bilgin, H{\"u}lya and Uluman, Ozgu Tekin and Sukut, Ozge and Yilmaz, Sevil and Buzlu, Sevim},
  journal={International Journal of Health Services},
  volume={50},
  number={1},
  pages={44--61},
  year={2020},
  publisher={SAGE Publications Sage CA: Los Angeles, CA}
}

@inproceedings{azenkot2016enabling,
  title={Enabling building service robots to guide blind people a participatory design approach},
  author={Azenkot, Shiri and Feng, Catherine and Cakmak, Maya},
  booktitle={2016 11th ACM/IEEE International Conference on Human-Robot Interaction (HRI)},
  pages={3--10},
  year={2016},
  organization={IEEE}
}

@article{bach2024systematic,
  title={A systematic literature review of user trust in AI-enabled systems: An {HCI} perspective},
  author={Bach, Tita Alissa and Khan, Amna and Hallock, Harry and Beltr{\~a}o, Gabriela and Sousa, Sonia},
  journal={International Journal of Human--Computer Interaction},
  volume={40},
  number={5},
  pages={1251--1266},
  year={2024},
  publisher={Taylor \& Francis}
}

@article{baker2018toward,
  title={Toward an understanding of trust repair in human-robot interaction: Current research and future directions},
  author={Baker, Anthony L and Phillips, Elizabeth K and Ullman, Daniel and Keebler, Joseph R},
  journal={ACM Transactions on Interactive Intelligent Systems (TiiS)},
  volume={8},
  number={4},
  pages={1--30},
  year={2018},
  publisher={ACM New York, NY, USA}
}

@article{bartneck2009measurement,
  title={Measurement instruments for the anthropomorphism, animacy, likeability, perceived intelligence, and perceived safety of robots},
  author={Bartneck, Christoph and Kuli{\'c}, Dana and Croft, Elizabeth and Zoghbi, Susana},
  journal={International journal of social robotics},
  volume={1},
  pages={71--81},
  year={2009},
  publisher={Springer}
}

@inproceedings{baxter2016characterising,
  title={From characterising three years of HRI to methodology and reporting recommendations},
  author={Baxter, Paul and Kennedy, James and Senft, Emmanuel and Lemaignan, Severin and Belpaeme, Tony},
  booktitle={2016 11th acm/ieee international conference on human-robot interaction (hri)},
  pages={391--398},
  year={2016},
  organization={IEEE}
}

@inproceedings{beare2021queer,
  title={By Queer People, For Queer People: FOLX, Plume, and the Promise of Queer UX},
  author={Beare, Zachary and Stone, Melissa},
  booktitle={Proceedings of the 39th ACM International Conference on Design of Communication},
  pages={20--25},
  year={2021}
}

@article{bernotat2021fe,
  title={The (fe) male robot: how robot body shape impacts first impressions and trust towards robots},
  author={Bernotat, Jasmin and Eyssel, Friederike and Sachse, Janik},
  journal={International Journal of Social Robotics},
  volume={13},
  pages={477--489},
  year={2021},
  publisher={Springer}
}

@inproceedings{birhane2022values,
  title={The values encoded in machine learning research},
  author={Birhane, Abeba and Kalluri, Pratyusha and Card, Dallas and Agnew, William and Dotan, Ravit and Bao, Michelle},
  booktitle={ACM Conference on Fairness, Accountability, and Transparency},
  pages={173--184},
  year={2022}
}

@article{brooke1996sus,
  title={Sus: a “quick and dirty’usability},
  author={Brooke, John},
  journal={Usability evaluation in industry},
  volume={189},
  number={3},
  pages={189--194},
  year={1996},
  publisher={Taylor \& Francis}
}

@inproceedings{carpinella2017robotic,
  title={The robotic social attributes scale (RoSAS) development and validation},
  author={Carpinella, Colleen M and Wyman, Alisa B and Perez, Michael A and Stroessner, Steven J},
  booktitle={Proceedings of the 2017 ACM/IEEE International Conference on human-robot interaction},
  pages={254--262},
  year={2017}
}

@misc{Census2020DECENNIALDP2020.DP1,
    author={U.S. Census Bureau},
    title={PROFILE OF GENERAL POPULATION AND HOUSING CHARACTERISTICS},
    vintage=2020,
    howpublished={U.S. Census Bureau},
    note={Accessed on 2 February 2024}
}

@article{ciszek2020we,
  title={"We are people, not transactions": Trust as a precursor to dialogue with LGBTQ publics},
  author={Ciszek, Erica},
  journal={Public Relations Review},
  volume={46},
  number={1},
  pages={101759},
  year={2020},
  publisher={Elsevier}
}

@inproceedings{chita2021can,
  title={Can you trust your trust measure?},
  author={Chita-Tegmark, Meia and Law, Theresa and Rabb, Nicholas and Scheutz, Matthias},
  booktitle={Proceedings of the 2021 ACM/IEEE international conference on human-robot interaction},
  pages={92--100},
  year={2021}
}

@inproceedings{delgado2023participatory,
  title={The participatory turn in {AI} design: Theoretical foundations and the current state of practice},
  author={Delgado, Fernando and Yang, Stephen and Madaio, Michael and Yang, Qian},
  booktitle={ACM Conference on Equity and Access in Algorithms, Mechanisms, and Optimization},
  pages={1--23},
  year={2023}
}

@article{eccles2017think,
  title={The think aloud method: what is it and how do I use it?},
  author={Eccles, David W and Arsal, G{\"u}ler},
  journal={Qualitative Research in Sport, Exercise and Health},
  volume={9},
  number={4},
  pages={514--531},
  year={2017},
  publisher={Taylor \& Francis}
}

@article{fine2019critical,
  title={Critical participatory action research: A feminist project for validity and solidarity},
  author={Fine, Michelle and Torre, Mar{\'\i}a Elena},
  journal={Psychology of Women Quarterly},
  volume={43},
  number={4},
  pages={433--444},
  year={2019},
  publisher={Sage Publications Sage CA: Los Angeles, CA}
}

@article{fischer2023effect,
  title={The Effect of Trust and its Antecedents on Robot Acceptance},
  author={Fischer, Katrin and Kim, Donggyu and Hong, Joo-Wha},
  journal={RO-MAN 2023 SCRITA Workshop on Trust, Acceptance and Social Cues in Human-Robot Interaction},
  year={2023}
}

@article{fosch2022diversity,
  title={Diversity and Inclusion in Artificial Intelligence},
  author={Fosch-Villaronga, Eduard and Poulsen, Adam},
  journal={Law and Artificial Intelligence: Regulating AI and Applying AI in Legal Practice},
  pages={109--134},
  year={2022},
  publisher={Springer}
}

@article{fosch2023accounting,
  title={Accounting for Diversity in Robot Design, Testbeds, and Safety Standardization},
  author={Fosch-Villaronga, Eduard and Drukarch, Hadassah},
  journal={International Journal of Social Robotics},
  pages={1--19},
  year={2023},
  publisher={Springer}
}

@article{graesser2021gender,
  title={Gender Diversity of Conference Leadership [Women in Engineering]},
  author={Graesser, Laura and Faust, Aleksandra and Kress-Gazit, Hadas and Tapia, Lydia and Ulinski, Risa},
  journal={IEEE Robotics \& Automation Magazine},
  volume={28},
  number={2},
  pages={126--130},
  year={2021},
  publisher={IEEE}
}

@inproceedings{haimson2020designing,
  title={Designing trans technology: Defining challenges and envisioning community-centered solutions},
  author={Haimson, Oliver L and Gorrell, Dykee and Starks, Denny L and Weinger, Zu},
  booktitle={Proceedings of the 2020 CHI Conference on Human Factors in Computing Systems},
  pages={1--13},
  year={2020}
}

@inproceedings{haimson2023transgender,
  title={How Transgender People and Communities Were Involved in Trans Technology Design Processes},
  author={Haimson, Oliver L and Nham, Kai and Thach, Hibby and DeGuia, Aloe},
  booktitle={CHI Conference on Human Factors in Computing Systems},
  year={2023}
}

@article{hancock2011meta,
  title={A meta-analysis of factors affecting trust in human-robot interaction},
  author={Hancock, Peter A and Billings, Deborah R and Schaefer, Kristin E and Chen, Jessie YC and De Visser, Ewart J and Parasuraman, Raja},
  journal={Human factors},
  volume={53},
  number={5},
  pages={517--527},
  year={2011},
  publisher={Sage Publications Sage CA: Los Angeles, CA}
}

@article{haring2023robot,
  title={On Robot Acceptance and Trust: A Review and Unanswered Questions},
  author={Haring, Kerstin S},
  journal={RO-MAN 2023 SCRITA Workshop on Trust, Acceptance and Social Cues in Human-Robot Interaction},
  year={2023}
}

@incollection{hauser2019common,
  title={Common concerns with MTurk as a participant pool: Evidence and solutions},
  author={Hauser, David and Paolacci, Gabriele and Chandler, Jesse},
  booktitle={Handbook of research methods in consumer psychology},
  pages={319--337},
  year={2019},
  publisher={Routledge}
}

@article{hipolito2023enactive,
  title={Enactive Artificial Intelligence: Subverting Gender Norms in Robot-Human Interaction},
  author={Hip{\'o}lito, In{\^e}s and Winkle, Katie and Lie, Merete},
  journal={Frontiers in Neurorobotics},
  volume={17},
  pages={77},
  year={2023},
  publisher={Frontiers}
}

@article{holthaus2023common,
  title={Common (good) practices measuring trust in HRI},
  author={Holthaus, Patrick and Rossi, Alessandra},
  journal={RO-MAN 2023 SCRITA Workshop on Trust, Acceptance and Social Cues in Human-Robot Interaction},
  year={2023}
}

@misc{howard2020robots,
  title={Robots are not immune to bias and injustice},
  author={Howard, Ayanna and Kennedy III, Monroe},
  journal={Science Robotics},
  volume={5},
  number={48},
  pages={eabf1364},
  year={2020},
  publisher={American Association for the Advancement of Science}
}

@inproceedings{jenkins2010measuring,
  title={Measuring Trust and Application of Eye Tracking in Human Robotic Interaction},
  author={Jenkins, Quaneisha and Jiang, Xiaochun},
  booktitle={IIE Annual Conference. Proceedings},
  pages={1},
  year={2010},
  organization={Institute of Industrial and Systems Engineers (IISE)}
}

@article{jian2000foundations,
  title={Foundations for an empirically determined scale of trust in automated systems},
  author={Jian, Jiun-Yin and Bisantz, Ann M and Drury, Colin G},
  journal={International journal of cognitive ergonomics},
  volume={4},
  number={1},
  pages={53--71},
  year={2000},
  publisher={Taylor \& Francis}
}

@incollection{kaplan2021time,
  title={A time to trust: Trust as a function of time in human-robot interaction},
  author={Kaplan, AD and Kessler, TT and Sanders, TL and Cruit, J and Brill, JC and Hancock, PA},
  booktitle={Trust in human-robot interaction},
  pages={143--157},
  year={2021},
  publisher={Elsevier}
}

@incollection{khalid2021determinants,
  title={Determinants of trust in human-robot interaction: Modeling, measuring, and predicting},
  author={Khalid, Halimahtun M and Helander, Martin G and Lin, Mei-Hua},
  booktitle={Trust in Human-Robot Interaction},
  pages={85--121},
  year={2021},
  publisher={Elsevier}
}

@article{khavas2021review,
  title={A review on trust in human-robot interaction},
  author={Khavas, Zahra Rezaei},
  journal={arXiv preprint arXiv:2105.10045},
  year={2021}
}

@article{knowles2022many,
  title={The Many Facets of Trust in {AI}: Formalizing the Relation Between Trust and Fairness, Accountability, and Transparency},
  author={Knowles, Bran and Richards, John T and Kroeger, Frens},
  journal={arXiv preprint arXiv:2208.00681},
  year={2022}
}

@article{kohn2021measurement,
  title={Measurement of trust in automation: A narrative review and reference guide},
  author={Kohn, Spencer C and de Visser, Ewart J and Wiese, Eva and Lee, Yi-Ching and Shaw, Tyler H},
  journal={Frontiers in psychology},
  volume={12},
  pages={604977},
  year={2021},
  publisher={Frontiers Media SA}
}

@article{kok2020trust,
  title={Trust in robots: Challenges and opportunities},
  author={Kok, Bing Cai and Soh, Harold},
  journal={Current Robotics Reports},
  volume={1},
  pages={297--309},
  year={2020},
  publisher={Springer}
}

@mastersthesis{kolmansrole,
  title={The Role of Questionnaire Design and Gender Binary Views on the Attribution of Gender to Robots},
  school={Eindhoven University of Technology},
  year={2023},
  author={Kolmans, AAC}
}

@article{lange2023human,
  title={From Human to Robot Interactions: A Circular Approach towards Trustworthy Social Robots},
  author={Lange, Anna L and Kirtay, Murat and Hafner, Verena V},
  journal={RO-MAN 2023 SCRITA Workshop on Trust, Acceptance and Social Cues in Human-Robot Interaction},
  year={2023}
}

@article{law2021trust,
  title={Trust: Recent concepts and evaluations in human-robot interaction},
  author={Law, Theresa and Scheutz, Matthias},
  journal={Trust in human-robot interaction},
  pages={27--57},
  year={2021},
  publisher={Elsevier}
}

@article{lawshe1975quantitative,
  title={A quantitative approach to content validity},
  author={Lawshe, Charles H and others},
  journal={Personnel psychology},
  volume={28},
  number={4},
  year={1975},
  publisher={London}
}

@inproceedings{lee2017steps,
  title={Steps toward participatory design of social robots: mutual learning with older adults with depression},
  author={Lee, Hee Rin and {\v{S}}abanovi{\'c}, Selma and Chang, Wan-Ling and Nagata, Shinichi and Piatt, Jennifer and Bennett, Casey and Hakken, David},
  booktitle={Proceedings of the 2017 ACM/IEEE international conference on human-robot interaction},
  pages={244--253},
  year={2017}
}

@inproceedings{lee2022configuring,
  title={Configuring humans: What roles humans play in hri research},
  author={Lee, Hee Rin and Cheon, EunJeong and Lim, Chaeyun and Fischer, Kerstin},
  booktitle={2022 17th ACM/IEEE International Conference on Human-Robot Interaction (HRI)},
  pages={478--492},
  year={2022},
  organization={IEEE}
}

@book{leydens2017engineering,
  title={Engineering justice: Transforming engineering education and practice},
  author={Leydens, Jon A and Lucena, Juan C},
  year={2017},
  publisher={John Wiley \& Sons}
}

@article{liliequist2023beyond,
  title={Beyond the Binary---Queering AI for an Inclusive Future},
  author={Liliequist, Evelina and Tubella, Andrea Aler and Danielsson, Karin and Cocq, Copp{\'e}lie},
  journal={interactions},
  volume={30},
  number={3},
  pages={31--33},
  year={2023},
  publisher={ACM New York, NY, USA}
}

@article{lyons2019individual,
  title={Individual differences in human--machine trust: A multi-study look at the perfect automation schema},
  author={Lyons, Joseph B and Guznov, Svyatoslav Y},
  journal={Theoretical Issues in Ergonomics Science},
  volume={20},
  number={4},
  pages={440--458},
  year={2019},
  publisher={Taylor \& Francis}
}

@inproceedings{madsen2000measuring,
  title={Measuring human-computer trust},
  author={Madsen, Maria and Gregor, Shirley},
  booktitle={11th australasian conference on information systems},
  volume={53},
  pages={6--8},
  year={2000},
  organization={Citeseer}
}

@incollection{malle2021multidimensional,
  title={A multidimensional conception and measure of human-robot trust},
  author={Malle, Bertram F and Ullman, Daniel},
  booktitle={Trust in human-robot interaction},
  pages={3--25},
  year={2021},
  publisher={Elsevier}
}

@article{malle2023measuring,
  title={Measuring Human-Robot Trust with the MDMT (Multi-Dimensional Measure of Trust)},
  author={Malle, Bertram F and Ullman, Daniel},
  journal={RO-MAN 2023 SCRITA Workshop on Trust, Acceptance and Social Cues in Human-Robot Interaction},
  year={2023}
}

@article{mara2021strategies,
  title={Strategies for coping with LGBT discrimination at work: A systematic literature review},
  author={Mara, Liviu-Catalin and Ginieis, Mat{\'\i}as and Brunet-Icart, Ignasi},
  journal={Sexuality Research and Social Policy},
  volume={18},
  pages={339--354},
  year={2021},
  publisher={Springer}
}

@article{marcu2023would,
  title={" Would I Feel More Secure With a Robot?": Understanding Perceptions of Security Robots in Public Spaces},
  author={Marcu, Gabriela and Lin, Iris and Williams, Brandon and Robert Jr, Lionel P and Schaub, Florian},
  journal={Proceedings of the ACM on Human-Computer Interaction},
  volume={7},
  number={CSCW2},
  pages={1--34},
  year={2023},
  publisher={ACM New York, NY, USA}
}

@article{merritt2011affective,
  title={Affective processes in human--automation interactions},
  author={Merritt, Stephanie M},
  journal={Human Factors},
  volume={53},
  number={4},
  pages={356--370},
  year={2011},
  publisher={Sage Publications Sage CA: Los Angeles, CA}
}

@inproceedings{metcalf2021algorithmic,
  title={Algorithmic impact assessments and accountability: The co-construction of impacts},
  author={Metcalf, Jacob and Moss, Emanuel and Watkins, Elizabeth Anne and Singh, Ranjit and Elish, Madeleine Clare},
  booktitle={Proceedings of the 2021 ACM conference on fairness, accountability, and transparency},
  pages={735--746},
  year={2021}
}

@article{meyer2022rainbow,
  title={Rainbow research: Challenges and recommendations for sexual orientation and gender identity and expression ({SOGIE}) survey design},
  author={Meyer, Seth J and Elias, Nicole M},
  journal={VOLUNTAS: International Journal of Voluntary and Nonprofit Organizations},
  pages={1--7},
  year={2022},
  publisher={Springer}
}

@article{michalec2021robotics,
  title={What is robotics made of? The interdisciplinary politics of robotics research},
  author={Michalec, Ola and O’Donovan, Cian and Sobhani, Mehdi},
  journal={Humanities and Social Sciences Communications},
  volume={8},
  number={1},
  year={2021},
  publisher={Springer Science and Business Media LLC}
}

@article{mongelli2019minority,
  title={Minority stress and mental health among LGBT populations: An update on the evidence.},
  author={Mongelli, Francesca and Perrone, Daniela and Balducci, Jessica and Sacchetti, Andrea and Ferrari, Silvia and Mattei, Giorgio and Galeazzi, Gian M},
  journal={Minerva Psichiatrica},
  volume={60},
  number={1},
  pages={27--50},
  year={2019},
  publisher={Edizioni Minerva Medica}
}

@article{moss2023ethical,
  title={Is it ethical to use Mechanical Turk for behavioral research? Relevant data from a representative survey of MTurk participants and wages},
  author={Moss, Aaron J and Rosenzweig, Cheskie and Robinson, Jonathan and Jaffe, Shalom N and Litman, Leib},
  journal={Behavior Research Methods},
  pages={1--20},
  year={2023},
  publisher={Springer}
}

@phdthesis{muir1990operators,
  title={Operators' trust in and use of automatic controllers in a supervisory process control task},
  author={Muir, Bonnie Marlene},
  year={1989},
  school={University of Toronto},
  publisher={National Library of Canada, Ottawa}
}

@inproceedings{ostrowski2022ethics,
  title={Ethics, Equity, \& Justice in Human-Robot Interaction: A Review and Future Directions},
  author={Ostrowski, Anastasia K and Walker, Raechel and Das, Madhurima and Yang, Maria and Breazea, Cynthia and Park, Hae Won and Verma, Aditi},
  booktitle={2022 31st IEEE International Conference on Robot and Human Interactive Communication (RO-MAN)},
  pages={969--976},
  year={2022},
  organization={IEEE}
}

@article{ovalle2023m,
  title={"I'm fully who I am": Towards Centering Transgender and Non-Binary Voices to Measure Biases in Open Language Generation},
  author={Ovalle, Anaelia and Goyal, Palash and Dhamala, Jwala and Jaggers, Zachary and Chang, Kai-Wei and Galstyan, Aram and Zemel, Richard and Gupta, Rahul},
  journal={Proceedings of the 2023 ACM Conference on Fairness, Accountability, and Transparency},
  year={2023}
}

@inproceedings{perugia2021gender,
  title={Gender revealed: Evaluating the genderedness of furhat’s predefined faces},
  author={Perugia, Giulia and Rossi, Alessandra and Rossi, Silvia},
  booktitle={Social Robotics: 13th International Conference, ICSR 2021, Singapore, November 10--13, 2021, Proceedings 13},
  pages={36--47},
  year={2021},
  organization={Springer}
}

@inproceedings{perugia2023models,
  title={Models of (Often) Ambivalent Robot Stereotypes: Content, Structure, and Predictors of Robots' Age and Gender Stereotypes},
  author={Perugia, Giulia and Boor, Latisha and van der Bij, Laura and Rikmenspoel, Okke and Foppen, Robin and Guidi, Stefano},
  booktitle={Proceedings of the 2023 ACM/IEEE International Conference on Human-Robot Interaction},
  pages={428--436},
  year={2023}
}

@article{perugia2023robot,
  title={Robot’s gendering trouble: a scoping review of gendering humanoid robots and its effects on HRI},
  author={Perugia, Giulia and Lisy, Dominika},
  journal={International Journal of Social Robotics},
  pages={1--29},
  year={2023},
  publisher={Springer}
}

@inproceedings{perrig2023trust,
  title={Trust issues with trust scales: examining the psychometric quality of trust measures in the context of {AI}},
  author={Perrig, Sebastian AC and Scharowski, Nicolas and Br{\"u}hlmann, Florian},
  booktitle={CHI Conference on Human Factors in Computing Systems},
  pages={1--7},
  year={2023}
}

@article{poulsen2020cybersecurity,
  title={Cybersecurity, value sensing robots for LGBTIQ+ elderly, and the need for revised codes of conduct},
  author={Poulsen, Adam and Fosch-Villaronga, Eduard and Burmeister, Oliver K and others},
  journal={Australasian Journal of Information Systems},
  volume={24},
  year={2020},
  publisher={Australian Computer Society}
}

@article{poulsen2020queering,
  title={Queering machines},
  author={Poulsen, Adam and Fosch-Villaronga, Eduard and S{\o}raa, Roger Andre},
  journal={Nature Machine Intelligence},
  volume={2},
  number={3},
  pages={152--152},
  year={2020},
  publisher={Nature Publishing Group UK London}
}

@inproceedings{poulsen2020value,
  title={Value sensing robots: The older LGBTIQ+ community},
  author={Poulsen, Adam and Skaines, Ivan and McLaren, Suzanne and Burmeister, Oliver K},
  booktitle={Societal Challenges in the Smart Society},
  pages={275--288},
  year={2020},
  organization={Universidad de La Rioja}
}

@phdthesis{poulsen2022investigation,
  title={The investigation of a new care robot design approach for alleviating LGBT+ elderly loneliness},
  author={Poulsen, Adam},
  school={Charles Sturt University},
  year={2022}
}

@article{rogers2022maximizing,
  title={Maximizing the benefits of participatory design for human--robot interaction research with older adults},
  author={Rogers, Wendy A and Kadylak, Travis and Bayles, Megan A},
  journal={Human Factors},
  volume={64},
  number={3},
  pages={441--450},
  year={2022},
  publisher={SAGE Publications Sage CA: Los Angeles, CA}
}

@article{ruberg2020data,
  title={Data for queer lives: How LGBTQ gender and sexuality identities challenge norms of demographics},
  author={Ruberg, Bonnie and Ruelos, Spencer},
  journal={Big Data \& Society},
  volume={7},
  number={1},
  pages={2053951720933286},
  year={2020},
  publisher={SAGE Publications Sage UK: London, England}
}

@inproceedings{salem2015would,
  title={Would you trust a (faulty) robot? Effects of error, task type and personality on human-robot cooperation and trust},
  author={Salem, Maha and Lakatos, Gabriella and Amirabdollahian, Farshid and Dautenhahn, Kerstin},
  booktitle={Proceedings of the tenth annual ACM/IEEE international conference on human-robot interaction},
  pages={141--148},
  year={2015}
}

@inproceedings{saravanos2021hidden,
  title={The hidden cost of using Amazon Mechanical Turk for research},
  author={Saravanos, Antonios and Zervoudakis, Stavros and Zheng, Dongnanzi and Stott, Neil and Hawryluk, Bohdan and Delfino, Donatella},
  booktitle={HCI International 2021-Late Breaking Papers: Design and User Experience: 23rd HCI International Conference, HCII 2021, Virtual Event, July 24--29, 2021, Proceedings 23},
  pages={147--164},
  year={2021},
  organization={Springer}
}

@phdthesis{schaefer2013perception,
  title={The perception and measurement of human-robot trust},
  author={Schaefer, Kristin},
  school={University of Central Florida},
  year={2013}
}

@incollection{schaefer2016measuring,
  title={Measuring trust in human robot interactions: Development of the “trust perception scale-HRI”},
  author={Schaefer, Kristin E},
  booktitle={Robust intelligence and trust in autonomous systems},
  pages={191--218},
  year={2016},
  publisher={Springer}
}

@article{scharowski2024trust,
  title={To Trust or Distrust Trust Measures: Validating Questionnaires for Trust in AI},
  author={Scharowski, Nicolas and Perrig, Sebastian AC and Aeschbach, Lena Fanya and von Felten, Nick and Opwis, Klaus and Wintersberger, Philipp and Br{\"u}hlmann, Florian},
  journal={arXiv preprint arXiv:2403.00582},
  year={2024}
}

@article{schwaninger2021you,
  title={What do you mean by trust? Establishing shared meaning in interdisciplinary design for assistive technology},
  author={Schwaninger, Isabel and G{\"u}ldenpfennig, Florian and Weiss, Astrid and Fitzpatrick, Geraldine},
  journal={International Journal of Social Robotics},
  volume={13},
  pages={1879--1897},
  year={2021},
  publisher={Springer}
}

@article{seaborndiversity,
  title={Diversity Not Discussed: Centring Overlooked Factors of Inclusion within Human-Robot Interaction},
  author={Seaborn, Katie},
  journal={Inclusive HRI II: Workshop on Equity and Diversity in Design, Application, Methods, and Community (DEI) at HRI '23},
  year={2023}
}

@article{seaborn2023not,
  title={Not Only WEIRD but “Uncanny”? A Systematic Review of Diversity in Human--Robot Interaction Research},
  author={Seaborn, Katie and Barbareschi, Giulia and Chandra, Shruti},
  journal={International Journal of Social Robotics},
  pages={1--30},
  year={2023},
  publisher={Springer}
}

@article{spinuzzi2005methodology,
  title={The methodology of participatory design},
  author={Spinuzzi, Clay},
  journal={Technical Comm.},
  volume={52},
  number={2},
  pages={163--174},
  year={2005},
  publisher={Society for Technical Communication}
}

@inproceedings{stolp2024more,
  title={More Than Binary: Transgender and Nonbinary Perspectives on Human Robot Interaction},
  author={Stolp-Smith, Michael and Williams, Tom},
  booktitle={Proceedings of the 2024 ACM/IEEE International Conference on Human-Robot Interaction (HRI)},
  year={2024}
}

@incollection{tanqueray2023norms,
  title={What Norms Are Social Robots Reflecting? A Socio-Legal Exploration on HRI Developers},
  author={Tanqueray, Laetitia and Larsson, Stefan},
  booktitle={Social Robots in Social Institutions},
  pages={305--314},
  year={2023},
  publisher={IOS Press}
}

@inproceedings{tian2021redesigning,
  title={Redesigning human-robot interaction in response to robot failures: a participatory design methodology},
  author={Tian, Leimin and Carreno-Medrano, Pamela and Allen, Aimee and Sumartojo, Shanti and Mintrom, Michael and Coronado Zuniga, Enrique and Venture, Gentiane and Croft, Elizabeth and Kulic, Dana},
  booktitle={Extended Abstracts of the 2021 CHI Conference on Human Factors in Computing Systems},
  pages={1--8},
  year={2021}
}

@inproceedings{tomasev2021fairness,
  title={Fairness for unobserved characteristics: Insights from technological impacts on queer communities},
  author={Tomasev, Nenad and McKee, Kevin R and Kay, Jackie and Mohamed, Shakir},
  booktitle={Proceedings of the 2021 AAAI/ACM Conference on AI, Ethics, and Society},
  pages={254--265},
  year={2021}
}

@inproceedings{ueno2022trust,
  title={Trust in human-{AI} interaction: Scoping out models, measures, and methods},
  author={Ueno, Takane and Sawa, Yuto and Kim, Yeongdae and Urakami, Jacqueline and Oura, Hiroki and Seaborn, Katie},
  booktitle={CHI Conference on Human Factors in Computing Systems},
  year={2022}
}

@inproceedings{ullman2019measuring,
  title={Measuring gains and losses in human-robot trust: Evidence for differentiable components of trust},
  author={Ullman, Daniel and Malle, Bertram F},
  booktitle={2019 14th ACM/IEEE International Conference on Human-Robot Interaction (HRI)},
  pages={618--619},
  year={2019},
  organization={IEEE}
}

@phdthesis{ullman2021developing,
  title={Developing a multi-dimensional model and measure of human-robot trust},
  author={Ullman, Daniel},
  year={2021},
  school={Ph. D. Dissertation. Brown University, Providence, RI}
}

@article{vereschak2021evaluate,
  title={How to evaluate trust in AI-assisted decision making? A survey of empirical methodologies},
  author={Vereschak, Oleksandra and Bailly, Gilles and Caramiaux, Baptiste},
  journal={ACM on Human-Computer Interaction},
  volume={5},
  number={CSCW2},
  pages={1--39},
  year={2021},
  publisher={ACM New York, NY, USA}
}

@article{vsabanovic2010robots,
  title={Robots in society, society in robots: Mutual shaping of society and technology as a framework for social robot design},
  author={{\v{S}}abanovi{\'c}, Selma},
  journal={International Journal of Social Robotics},
  volume={2},
  number={4},
  pages={439--450},
  year={2010},
  publisher={Springer}
}

@article{wessel2021gender,
  title={Gender stereotyping of robotic systems in eldercare: An exploratory analysis of ethical problems and possible solutions},
  author={Wessel, Merle and Ellerich-Groppe, Niklas and Schweda, Mark},
  journal={International Journal of Social Robotics},
  pages={1--14},
  year={2021},
  publisher={Springer}
}

@inproceedings{williams2024understanding,
  title={Understanding Roboticists’ Power through Matrix Guided Technology Power Analysis},
  author={Williams, Tom},
  booktitle={Companion Proceedings of the 2024 ACM/IEEE International Conference on Human-Robot Interaction (HRI)},
  year={2024}
}

@article{winkle2021leador,
  title={LEADOR: A method for end-to-end participatory design of autonomous social robots},
  author={Winkle, Katie and Senft, Emmanuel and Lemaignan, S{\'e}verin},
  journal={Frontiers in Robotics and AI},
  volume={8},
  pages={704119},
  year={2021},
  publisher={Frontiers Media SA}
}

@inproceedings{winkle2023feminist,
  title={Feminist human-robot interaction: Disentangling power, principles and practice for better, more ethical HRI},
  author={Winkle, Katie and McMillan, Donald and Arnelid, Maria and Harrison, Katherine and Balaam, Madeline and Johnson, Ericka and Leite, Iolanda},
  booktitle={Proceedings of the 2023 ACM/IEEE International Conference on Human-Robot Interaction},
  pages={72--82},
  year={2023}
}

@article{winkle202315,
  title={15 Years of (Who) man Robot Interaction: Reviewing the H in Human-Robot Interaction},
  author={Winkle, Katie and Lagerstedt, Erik and Torre, Ilaria and Offenwanger, Anna},
  journal={ACM Transactions on Human-Robot Interaction},
  volume={12},
  number={3},
  pages={1--28},
  year={2023},
  publisher={ACM New York, NY}
}

@article{yagoda2012you,
  title={You want me to trust a ROBOT? The development of a human--robot interaction trust scale},
  author={Yagoda, Rosemarie E and Gillan, Douglas J},
  journal={International Journal of Social Robotics},
  volume={4},
  pages={235--248},
  year={2012},
  publisher={Springer}
}

@inproceedings{zhu2024robots,
  title={Robots for Social Justice (R4SJ): Toward a More Equitable Practice of Human-Robot Interaction},
  author={Zhu, Yifei and Wen, Ruchen and Williams, Tom},
  booktitle={ACM/IEEE International Conference on Human-Robot Interaction},
  year={2024}
}

@article{zytko2022ethical,
  title={Ethical Considerations When Constructing Participatory Design Protocols for Social Robots},
  author={Zytko, Douglas and Louie, Wing-Yue Geoffrey},
  journal={PD/EUP workshop at the ACM/IEEE International Conference on Human-Robot Interaction (HRI ‘22)},
  year={2022}
}

@article{begley2020explainability,
  title={Explainability for fair machine learning},
  author={Begley, Tom and Schwedes, Tobias and Frye, Christopher and Feige, Ilya},
  journal={arXiv preprint arXiv:2010.07389},
  year={2020}
}

@article{bragazzi2023impact,
  title={The impact of generative conversational artificial intelligence on the Lesbian, gay, Bisexual, transgender, and queer community: scoping review},
  author={Bragazzi, Nicola Luigi and Crapanzano, Andrea and Converti, Manlio and Zerbetto, Riccardo and Khamisy-Farah, Rola},
  journal={Journal of Medical Internet Research},
  volume={25},
  pages={e52091},
  year={2023},
  publisher={JMIR Publications Toronto, Canada}
}

@article{vicsek2024exploring,
  title={Exploring LGBTQ+ Bias in Generative AI Answers across Different Country and Religious Contexts},
  author={Vicsek, Lilla and Vancs{\'o}, Anna and Zajko, Mike and Takacs, Judit},
  journal={arXiv preprint arXiv:2407.03473},
  year={2024}
}

@article{liem2024reclaiming,
  title={Reclaiming Power over AI: Equipping Queer Teens as AI Designers for HIV Prevention},
  author={Liem, William and Berry, Andrew and Macapagal, Kathryn},
  journal={arXiv preprint arXiv:2406.13018},
  year={2024}
}

@article{chang2024evaluating,
  title={Evaluating Anti-LGBTQIA+ Medical Bias in Large Language Models},
  author={Chang, Crystal T and Srivathsa, Neha and Bou-Khalil, Charbel and Swaminathan, Akshay and Lunn, Mitchell R and Mishra, Kavita and Daneshjou, Roxana and Koyejo, Sanmi},
  journal={medRxiv},
  pages={2024--08},
  year={2024},
  publisher={Cold Spring Harbor Laboratory Press}
}

@inproceedings{carrasco2018queer,
  title={Queer visibility: Supporting LGBT+ selective visibility on social media},
  author={Carrasco, Matthew and Kerne, Andruid},
  booktitle={Proceedings of the 2018 CHI conference on human factors in computing systems},
  pages={1--12},
  year={2018}
}

@inproceedings{chen2022trauma,
  title={Trauma-informed computing: Towards safer technology experiences for all},
  author={Chen, Janet X and McDonald, Allison and Zou, Yixin and Tseng, Emily and Roundy, Kevin A and Tamersoy, Acar and Schaub, Florian and Ristenpart, Thomas and Dell, Nicola},
  booktitle={Proceedings of the 2022 CHI conference on human factors in computing systems},
  pages={1--20},
  year={2022}
}

@article{simpson2021you,
  title={For you, or for" you"? Everyday LGBTQ+ encounters with TikTok},
  author={Simpson, Ellen and Semaan, Bryan},
  journal={Proceedings of the ACM on human-computer interaction},
  volume={4},
  number={CSCW3},
  pages={1--34},
  year={2021},
  publisher={ACM New York, NY, USA}
}

@inproceedings{taylor2024cruising,
  title={Cruising Queer HCI on the DL: A Literature Review of LGBTQ+ People in HCI},
  author={Taylor, Jordan and Simpson, Ellen and Tran, Anh-Ton and Brubaker, Jed R and Fox, Sarah E and Zhu, Haiyi},
  booktitle={Proceedings of the CHI Conference on Human Factors in Computing Systems},
  pages={1--21},
  year={2024}
}

@article{freeman2022acting,
  title={" Acting Out" Queer Identity: The Embodied Visibility in Social Virtual Reality},
  author={Freeman, Guo and Acena, Dane},
  journal={Proceedings of the ACM on Human-Computer Interaction},
  volume={6},
  number={CSCW2},
  pages={1--32},
  year={2022},
  publisher={ACM New York, NY, USA}
}

@article{cath2018governing,
  title={Governing artificial intelligence: ethical, legal and technical opportunities and challenges},
  author={Cath, Corinne},
  journal={Philosophical Transactions of the Royal Society A: Mathematical, Physical and Engineering Sciences},
  volume={376},
  number={2133},
  pages={20180080},
  year={2018},
  publisher={The Royal Society Publishing}
}

@article{haimson2024extended,
  title={Extended Reality Trans Technologies: Bridging Digital and Physical Worlds to Support Transgender People},
  author={Haimson, Oliver and DeGuia, Aloe and Saber, Rana and Brewster, Kat},
  year={2024},
  publisher={Association for Computing Machinery}
}

@article{taylor2024carefully,
  title={Carefully Unmaking the “Marginalized User:” A Diffractive Analysis of a Gay Online Community},
  author={Taylor, Jordan and Deng, Wesley Hanwen and Holstein, Kenneth and Fox, Sarah and Zhu, Haiyi},
  journal={ACM Transactions on Computer-Human Interaction},
  year={2024},
  publisher={ACM New York, NY}
}

@inproceedings{tran2024making,
  title={Making Trouble: Techniques for Queering Data and AI Systems},
  author={Tran, Anh-Ton and Rothschild, Annabel and Kender, Kay and Osipova, Ekat and Kinnee, Brian and Taylor, Jordan and Meyer, Louie S{\o}s and Haimson, Oliver L and Light, Ann and Disalvo, Carl},
  booktitle={Companion Publication of the 2024 ACM Designing Interactive Systems Conference},
  pages={381--384},
  year={2024}
}

@inproceedings{li2024toward,
  title={Toward Appropriating Tools for Queer Use},
  author={Li, Jingyi},
  booktitle={Halfway to the Future Symposium},
  year={2024}
}

@inproceedings{janicki2024queering,
  title={Queering/Cripping Technologies of Productivity},
  author={Janicki, Sylvia and Riggs, Alexandra Teixeira and Howell, Noura and Sullivan, Anne and Stangl, Abigale},
  booktitle={Extended Abstracts of the CHI Conference on Human Factors in Computing Systems},
  pages={1--12},
  year={2024}
}

@inproceedings{riggs2024designing,
  title={Designing an Archive of Feelings: Queering Tangible Interaction with Button Portraits},
  author={Riggs, Alexandra Teixeira and Janicki, Sylvia and Howell, Noura and Sullivan, Anne},
  booktitle={Proceedings of the CHI Conference on Human Factors in Computing Systems},
  pages={1--17},
  year={2024}
}

@inproceedings{dennler2023bound,
  title={Bound by the Bounty: Collaboratively Shaping Evaluation Processes for Queer AI Harms},
  author={Dennler, Nathan and Ovalle, Anaelia and Singh, Ashwin and Soldaini, Luca and Subramonian, Arjun and Tu, Huy and Agnew, William and Ghosh, Avijit and Yee, Kyra and Peradejordi, Irene Font and others},
  booktitle={Proceedings of the 2023 AAAI/ACM Conference on AI, Ethics, and Society},
  pages={375--386},
  year={2023}
}

@inproceedings{jkedrusiak2024queering,
  title={Queering AI as a Speculative Practice: An Analysis of the Artistic Explorations of New Paradigms for Developing Inclusive AI},
  author={J{\k{e}}drusiak, Danuta},
  booktitle={Proceedings of the 35th ACM Conference on Hypertext and Social Media},
  pages={17--22},
  year={2024}
}

@article{dev2021harms,
  title={Harms of gender exclusivity and challenges in non-binary representation in language technologies},
  author={Dev, Sunipa and Monajatipoor, Masoud and Ovalle, Anaelia and Subramonian, Arjun and Phillips, Jeff M and Chang, Kai-Wei},
  journal={arXiv preprint arXiv:2108.12084},
  year={2021}
}

@phdthesis{agnew2023ai,
  title={AI Ethics and Critique for Robotics},
  author={Agnew, William},
  year={2023},
  school={University of Washington}
}

@article{spiel2019better,
  title={How to do better with gender on surveys: a guide for HCI researchers},
  author={Spiel, Katta and Haimson, Oliver L and Lottridge, Danielle},
  journal={Interactions},
  volume={26},
  number={4},
  pages={62--65},
  year={2019},
  publisher={ACM New York, NY, USA}
}

@article{dhingra2023queer,
  title={Queer people are people first: Deconstructing sexual identity stereotypes in large language models},
  author={Dhingra, Harnoor and Jayashanker, Preetiha and Moghe, Sayali and Strubell, Emma},
  journal={arXiv preprint arXiv:2307.00101},
  year={2023}
}

@inproceedings{ehsan2021expanding,
  title={Expanding explainability: Towards social transparency in ai systems},
  author={Ehsan, Upol and Liao, Q Vera and Muller, Michael and Riedl, Mark O and Weisz, Justin D},
  booktitle={Proceedings of the 2021 CHI conference on human factors in computing systems},
  pages={1--19},
  year={2021}
}

@article{garcia2020ethical,
  title={Ethical applications of big data-driven AI on social systems: Literature analysis and example deployment use case},
  author={Garcia, Paulo and Darroch, Francine and West, Leah and BrooksCleator, Lauren},
  journal={Information},
  volume={11},
  number={5},
  pages={235},
  year={2020},
  publisher={MDPI}
}

@article{mcara2024ai,
  title={How AI hype impacts the LGBTQ+ community},
  author={McAra-Hunter, Dawn},
  journal={AI and Ethics},
  pages={1--20},
  year={2024},
  publisher={Springer}
}

@incollection{fosch2024queering,
  title={Queering the ethics of AI},
  author={Fosch-Villaronga, Eduard and Malgieri, Gianclaudio},
  booktitle={Handbook on the Ethics of Artificial Intelligence},
  pages={301--315},
  year={2024},
  publisher={Edward Elgar Publishing}
}

@article{katyal2021gender,
  title={The gender panopticon: AI, gender, and design Justice},
  author={Katyal, Sonia K and Jung, Jessica Y},
  journal={UCLA L. Rev.},
  volume={68},
  pages={692},
  year={2021},
  publisher={HeinOnline}
}

@article{haimson2021disproportionate,
  title={Disproportionate removals and differing content moderation experiences for conservative, transgender, and black social media users: Marginalization and moderation gray areas},
  author={Haimson, Oliver L and Delmonaco, Daniel and Nie, Peipei and Wegner, Andrea},
  journal={Proceedings of the ACM on Human-Computer Interaction},
  volume={5},
  number={CSCW2},
  pages={1--35},
  year={2021},
  publisher={ACM New York, NY, USA}
}

@article{keyes2018misgendering,
  title={The misgendering machines: Trans/HCI implications of automatic gender recognition},
  author={Keyes, Os},
  journal={Proceedings of the ACM on human-computer interaction},
  volume={2},
  number={CSCW},
  pages={1--22},
  year={2018},
  publisher={ACM New York, NY, USA}
}

@inproceedings{williams2023eye,
  title={The Eye of the Robot Beholder: Ethical Risks of Representation, Recognition, and Reasoning over Identity Characteristics in Human-Robot Interaction},
  author={Williams, Tom},
  booktitle={Companion of the 2023 ACM/IEEE International Conference on Human-Robot Interaction},
  pages={1--10},
  year={2023}
}

@article{dennler2024designing,
  title={Designing Robot Identity: The Role of Voice, Clothing, and Task on Robot Gender Perception},
  author={Dennler, Nathaniel S and Kian, Mina and Nikolaidis, Stefanos and Matari{\'c}, Maja},
  journal={arXiv preprint arXiv:2404.00494},
  year={2024}
}

@inproceedings{spiel2019patching,
  title={Patching gender: Non-binary utopias in HCI},
  author={Spiel, Katta and Keyes, Os and Barlas, P{\i}nar},
  booktitle={Extended abstracts of the 2019 CHI conference on Human Factors in Computing Systems},
  pages={1--11},
  year={2019}
}

@article{kormilitzin2023participatory,
  title={A participatory initiative to include LGBT+ voices in AI for mental health},
  author={Kormilitzin, Andrey and Tomasev, Nenad and McKee, Kevin R and Joyce, Dan W},
  journal={Nature medicine},
  volume={29},
  number={1},
  pages={10--11},
  year={2023},
  publisher={Nature Publishing Group US New York}
}

@article{long2024affirmativeai,
  title={AffirmativeAI: Towards LGBTQ+ Friendly Audit Frameworks for Large Language Models},
  author={Long, Yinru and Ma, Zilin and Mei, Yiyang and Su, Zhaoyuan},
  journal={arXiv preprint arXiv:2405.04652},
  year={2024}
}

@article{molina2021lying,
  title={Lying Beneath the Surface: The Impacts of Deepfake Technology on the Privacy and Safety of the LGBTQ+ Community},
  author={Molina, Sergio E},
  journal={Nova L. Rev.},
  volume={46},
  pages={251},
  year={2021},
  publisher={HeinOnline}
}

@inproceedings{nannini2023explainability,
  title={Explainability in ai policies: A critical review of communications, reports, regulations, and standards in the eu, us, and uk},
  author={Nannini, Luca and Balayn, Agathe and Smith, Adam Leon},
  booktitle={Proceedings of the 2023 ACM conference on fairness, accountability, and transparency},
  pages={1198--1212},
  year={2023}
}

@article{neumann2024diverse,
  title={Diverse, but Divisive: LLMs Can Exaggerate Gender Differences in Opinion Related to Harms of Misinformation},
  author={Neumann, Terrence and Lee, Sooyong and De-Arteaga, Maria and Fazelpour, Sina and Lease, Matthew},
  journal={arXiv preprint arXiv:2401.16558},
  year={2024}
}

@article{hossain2023misgendered,
  title={MISGENDERED: Limits of large language models in understanding pronouns},
  author={Hossain, Tamanna and Dev, Sunipa and Singh, Sameer},
  journal={arXiv preprint arXiv:2306.03950},
  year={2023}
}

@article{sosto2024queerbench,
  title={QueerBench: Quantifying Discrimination in Language Models Toward Queer Identities},
  author={Sosto, Mae and Barr{\'o}n-Cede{\~n}o, Alberto},
  journal={arXiv preprint arXiv:2406.12399},
  year={2024}
}

@article{barronqueerbench,
  title={QueerBench: Quantifying Discrimination in Language Models towards Queer Identities},
  author={Barr{\'o}n-Cedeno, Alberto and Spallaccia, Beatrice and Sosto, Mae and Session, II}
}

@inproceedings{pillis2024ai,
  title={AI Comes Out of the Closet: Using AI-Generated Virtual Characters to Help Individuals Practice LGBTQIA+ Advocacy},
  author={Pillis, Daniel and Pataranutaporn, Pat and Maes, Pattie and Sra, Misha},
  booktitle={Proceedings of the 29th International Conference on Intelligent User Interfaces},
  pages={686--698},
  year={2024}
}

@inproceedings{raji2020closing,
  title={Closing the AI accountability gap: Defining an end-to-end framework for internal algorithmic auditing},
  author={Raji, Inioluwa Deborah and Smart, Andrew and White, Rebecca N and Mitchell, Margaret and Gebru, Timnit and Hutchinson, Ben and Smith-Loud, Jamila and Theron, Daniel and Barnes, Parker},
  booktitle={Proceedings of the 2020 conference on fairness, accountability, and transparency},
  pages={33--44},
  year={2020}
}

@article{savaget2019empowering,
  title={Empowering political participation through artificial intelligence},
  author={Savaget, Paulo and Chiarini, Tulio and Evans, Steve},
  journal={Science and Public Policy},
  volume={46},
  number={3},
  pages={369--380},
  year={2019},
  publisher={Oxford University Press}
}

@article{shen2021everyday,
  title={Everyday algorithm auditing: Understanding the power of everyday users in surfacing harmful algorithmic behaviors},
  author={Shen, Hong and DeVos, Alicia and Eslami, Motahhare and Holstein, Kenneth},
  journal={Proceedings of the ACM on Human-Computer Interaction},
  volume={5},
  number={CSCW2},
  pages={1--29},
  year={2021},
  publisher={ACM New York, NY, USA}
}

@article{thiago2021fighting,
  title={Fighting hate speech, silencing drag queens? artificial intelligence in content moderation and risks to lgbtq voices online},
  author={Thiago, Dias Oliva and Marcelo, Antonialli Dennys and Gomes, Alessandra},
  journal={Sexuality \& culture},
  volume={25},
  number={2},
  pages={700--732},
  year={2021},
  publisher={Springer Nature BV}
}

@article{felkner2023winoqueer,
  title={Winoqueer: A community-in-the-loop benchmark for anti-lgbtq+ bias in large language models},
  author={Felkner, Virginia K and Chang, Ho-Chun Herbert and Jang, Eugene and May, Jonathan},
  journal={arXiv preprint arXiv:2306.15087},
  year={2023}
}

@article{azeem2024llm,
  title={LLM-Driven Robots Risk Enacting Discrimination, Violence, and Unlawful Actions},
  author={Azeem, Rumaisa and Hundt, Andrew and Mansouri, Masoumeh and Brand{\~a}o, Martim},
  journal={arXiv preprint arXiv:2406.08824},
  year={2024}
}

@article{ungless2023stereotypes,
  title={Stereotypes and smut: The (mis) representation of non-cisgender identities by text-to-image models},
  author={Ungless, Eddie L and Ross, Bj{\"o}rn and Lauscher, Anne},
  journal={arXiv preprint arXiv:2305.17072},
  year={2023}
}

@article{wang2018deep,
  title={Deep neural networks are more accurate than humans at detecting sexual orientation from facial images.},
  author={Wang, Yilun and Kosinski, Michal},
  journal={Journal of personality and social psychology},
  volume={114},
  number={2},
  pages={246},
  year={2018},
  publisher={American Psychological Association}
}

@inproceedings{spitale2024hri,
      title={HRI Wasn’t Built In a Day: A Call To Action For Responsible HRI Research}, 
      author={Micol Spitale and Rebecca Stower and Elmira Yadollahi and Maria Teresa Parreira and Iolanda Leite and Hatice Gunes},
      year={2024},
      booktitle={2024 33rd IEEE International Conference on Robot and Human Interactive Communication (RO-MAN)},
      primaryClass={cs.HC}
}

@article{vsabanovic2023robots,
  title={“Robots for good”: Ten defining questions},
  author={{\v{S}}abanovi{\'c}, Selma and Charisi, Vicky and Belpaeme, Tony and Bethel, Cindy L and Matari{\'c}, Maja and Murphy, Robin and Levy-Tzedek, Shelly},
  journal={Science Robotics},
  volume={8},
  number={84},
  pages={eadl4238},
  year={2023},
  publisher={American Association for the Advancement of Science}
}

@article{banks2023kind,
  title={A Kind Apart: The Limited Application of Human Race and Sex Stereotypes to a Humanoid Social Robot},
  author={Banks, Jaime and Koban, Kevin},
  journal={International Journal of Social Robotics},
  volume={15},
  number={11},
  pages={1949--1961},
  year={2023},
  publisher={Springer}
}

@article{galatolo2023right,
  title={The right (wo) man for the job? exploring the role of gender when challenging gender stereotypes with a social robot},
  author={Galatolo, Alessio and Melsi{\'o}n, Gaspar I and Leite, Iolanda and Winkle, Katie},
  journal={International Journal of Social Robotics},
  volume={15},
  number={11},
  pages={1933--1947},
  year={2023},
  publisher={Springer}
}

@article{velazquez2023making,
  title={The Making of Gendered Bodies in Human-Robot Interactions},
  author={Vel{\'a}zquez, Isabel Garc{\'\i}a},
  journal={International Journal of Social Robotics},
  volume={15},
  number={11},
  pages={1891--1901},
  year={2023},
  publisher={Springer}
}

@article{roesler2023hu,
  title={(hu) man-like robots: The impact of anthropomorphism and language on perceived robot gender},
  author={Roesler, Eileen and Heuring, Maris and Onnasch, Linda},
  journal={International Journal of Social Robotics},
  volume={15},
  number={11},
  pages={1829--1840},
  year={2023},
  publisher={Springer}
}

@inproceedings{torre2023can,
  title={Can a gender-ambiguous voice reduce gender stereotypes in human-robot interactions?},
  author={Torre, Ilaria and Lagerstedt, Erik and Dennler, Nathaniel and Seaborn, Katie and Leite, Iolanda and Sz{\'e}kely, {\'E}va},
  booktitle={2023 32nd IEEE International Conference on Robot and Human Interactive Communication (RO-MAN)},
  pages={106--112},
  year={2023},
  organization={IEEE}
}

@inproceedings{williams2023no,
  title={No Justice, No Robots: From the Dispositions of Policing to an Abolitionist Robotics},
  author={Williams, Tom and Haring, Kerstin Sophie},
  booktitle={Proceedings of the 2023 AAAI/ACM Conference on AI, Ethics, and Society},
  pages={566--575},
  year={2023}
}

@article{forgas2023gendered,
  title={Gendered human--robot interactions in services},
  author={Forgas-Coll, Santiago and Huertas-Garcia, Ruben and Andriella, Antonio and Aleny{\`a}, Guillem},
  journal={International Journal of Social Robotics},
  volume={15},
  number={11},
  pages={1791--1807},
  year={2023},
  publisher={Springer}
}

@article{moradbakhti2023counter,
  title={(Counter-) stereotypical Gendering of Robots in Care: Impact on Needs Satisfaction and Gender Role Concepts in Men and Women Users},
  author={Moradbakhti, Laura and Mara, Martina and Castellano, Ginevra and Winkle, Katie},
  journal={International Journal of Social Robotics},
  volume={15},
  number={11},
  pages={1769--1790},
  year={2023},
  publisher={Springer}
}

@inproceedings{zaga2023towards,
  title={Towards Transdisciplinary and futuring tools for DEI and social justice in HRI},
  author={Zaga, Cristina and Lupetti, Maria Luce and Cila, Nazli and Huisman, Gijs and Arzberger, Anne and Lee, Minha and Villaronga, Eduard Fosch},
  booktitle={DEI HRI Workshop-ACM/IEEE HRI Conference. ACM SigCHI},
  volume={1},
  year={2023}
}

@inproceedings{guidi2022ambivalent,
  title={Ambivalent stereotypes towards gendered robots: the (im) mutability of bias towards female and neutral robots},
  author={Guidi, Stefano and Boor, Latisha and van der Bij, Laura and Foppen, Robin and Rikmenspoel, Okke and Perugia, Giulia},
  booktitle={International Conference on Social Robotics},
  pages={615--626},
  year={2022},
  organization={Springer}
}

@article{markelius2024empirical,
  title={An Empirical Design Justice Approach to Identifying Ethical Considerations in the Intersection of Large Language Models and Social Robotics},
  author={Markelius, Alva},
  journal={arXiv preprint arXiv:2406.06400},
  year={2024}
}

@article{eyssel2024people,
  title={How People Perceive Social Robots: The Case of Gender},
  author={Eyssel, Friederike and Perugia, Giulia},
  journal={The De Gruyter Handbook of Robots in Society and Culture},
  volume={3},
  year={2024},
  publisher={Walter de Gruyter GmbH \& Co KG}
}

@article{larsson2023towards,
  title={Towards a Socio-Legal Robotics: A Theoretical Framework on Norms and Adaptive Technologies},
  author={Larsson, Stefan and Liinason, Mia and Tanqueray, Laetitia and Castellano, Ginevra},
  journal={International Journal of Social Robotics},
  volume={15},
  number={11},
  pages={1755--1768},
  year={2023},
  publisher={Springer}
}

@article{garcha2023face,
  title={Face to Face with a Sexist Robot: Investigating How Women React to Sexist Robot Behaviors},
  author={Garcha, Diljot and Geiskkovitch, Denise and Thiessen, Raquel and Prentice, Susan and Fischer, Kerstin and Young, James},
  journal={International Journal of Social Robotics},
  volume={15},
  number={11},
  pages={1809--1828},
  year={2023},
  publisher={Springer}
}

@inproceedings{de2022inclusive,
  title={Inclusive HRI: equity and diversity in design, application, methods, and community},
  author={De Graaf, Maartje MA and Perugia, Giulia and Fosch-Villaronga, Eduard and Lim, Angelica and Broz, Frank and Short, Elaine Schaertl and Neerincx, Mark},
  booktitle={2022 17th ACM/IEEE International Conference on Human-Robot Interaction (HRI)},
  pages={1247--1249},
  year={2022},
  organization={IEEE}
}

@inproceedings{devito2020queer,
  title={Queer in HCI: supporting LGBTQIA+ researchers and research across domains},
  author={DeVito, Michael A and Walker, Ashley Marie and Lustig, Caitlin and Ko, Amy J and Spiel, Katta and Ahmed, Alex A and Allison, Kimberley and Scheuerman, Morgan and Dym, Briana and Brubaker, Jed R and others},
  booktitle={Extended abstracts of the 2020 CHI Conference on human factors in computing systems},
  pages={1--4},
  year={2020}
}

@inproceedings{wilcox2023infrastructuring,
  title={Infrastructuring care: How trans and non-binary people meet health and well-being needs through technology},
  author={Wilcox, Lauren and Shelby, Renee and Veeraraghavan, Rajesh and Haimson, Oliver L and Erickson, Gabriela Cruz and Turken, Michael and Gulotta, Rebecca},
  booktitle={Proceedings of the 2023 CHI Conference on Human Factors in Computing Systems},
  pages={1--17},
  year={2023}
}

@inproceedings{devito2021queer,
  title={Queer in HCI: strengthening the community of LGBTQIA+ researchers and research},
  author={DeVito, Michael Ann and Lustig, Caitlin and Simpson, Ellen and Allison, Kimberley and Chuanromanee, Tee and Spiel, Katta and Ko, Amy and Rode, Jennifer and Dym, Brianna and Muller, Michael and others},
  booktitle={Extended Abstracts of the 2021 CHI Conference on Human Factors in Computing Systems},
  pages={1--3},
  year={2021}
}

@article{watson2005queer,
  title={Queer theory},
  author={Watson, Katherine},
  journal={Group analysis},
  volume={38},
  number={1},
  pages={67--81},
  year={2005},
  publisher={The Group-Analytic Society London}
}

@article{dilley1999queer,
  title={Queer theory: Under construction},
  author={Dilley, Patrick},
  journal={International Journal of Qualitative Studies in Education},
  volume={12},
  number={5},
  pages={457--472},
  year={1999},
  publisher={Taylor \& Francis}
}

@book{mccann2019queer,
  title={Queer theory now: From foundations to futures},
  author={McCann, Hannah and Monaghan, Whitney},
  year={2019},
  publisher={Bloomsbury Publishing}
}

@misc{cockayne2017queer,
  title={A queer theory of software studies: software theories, queer studies},
  author={Cockayne, Daniel G and Richardson, Lizzie},
  journal={Gender, Place \& Culture},
  volume={24},
  number={11},
  pages={1587--1594},
  year={2017},
  publisher={Taylor \& Francis}
}

@article{keeling2014queer,
  title={Queer os},
  author={Keeling, Kara},
  journal={Cinema Journal},
  volume={53},
  number={2},
  pages={152--157},
  year={2014},
  publisher={Michigan Publishing}
}

@misc{shaw2016queer,
  title={Queer technologies: Affordances, affect, ambivalence},
  author={Shaw, Adrienne and Sender, Katherine},
  journal={Critical Studies in Media Communication},
  volume={33},
  number={1},
  pages={1--5},
  year={2016},
  publisher={Taylor \& Francis}
}

@article{landstrom2007queering,
  title={Queering feminist technology studies},
  author={Landstr{\"o}m, Catharina},
  journal={Feminist Theory},
  volume={8},
  number={1},
  pages={7--26},
  year={2007},
  publisher={Sage Publications Sage CA: Thousand Oaks, CA}
}

@incollection{gaboury2018critical,
  title={Critical unmaking: Toward a queer computation},
  author={Gaboury, Jacob},
  booktitle={The Routledge companion to media studies and digital humanities},
  pages={483--491},
  year={2018},
  publisher={Routledge}
}

@article{jakobsen1998queer,
  title={Queer Is? Queer Does? Normativity and the Problem of Resistance.},
  author={Jakobsen, Janet R},
  journal={GLQ: A Journal of Lesbian \& Gay Studies},
  volume={4},
  number={4},
  year={1998}
}

@book{butler1990gender,
  title={Gender Trouble: Feminism and the Subversion of Identity},
  author={Butler, Judith},
  year={1990},
  publisher={Routledge}
}

@book{foucault1978history,
  title={The History of Sexuality, Vol 1. An Introduction},
  author={Foucault, Michel},
  translator={Hurley, Robert},
  year={1978},
  publisher={Vintage Books}
}

@article{sedgwick1993tendencies,
  title={Tendencies},
  author={Sedgwick, Eve Kosofsky},
  journal={Duke UP},
  year={1993}
}

@book{carruthers2018unapologetic,
  title={Unapologetic: A Black, queer, and feminist mandate for radical movements},
  author={Carruthers, Charlene},
  year={2018},
  publisher={Beacon Press}
}

@book{amory2022introduction,
  title={Introduction to LGBTQ+ Studies: A Cross-Disciplinary Approach},
  author={Amory, Deborah P and Massey, Sean G and Miller, Jennifer and Brown, Allison P},
  year={2022},
  publisher={State University of New York Press}
}

@article{gray2018intersectionality,
  title={Intersectionality, language and queer lives},
  author={Gray, John and Cooke, Melanie},
  journal={Gender and Language},
  volume={12},
  number={4},
  pages={401--415},
  year={2018},
  publisher={Equinox Publishing Ltd}
}

@incollection{crenshaw2013demarginalizing,
  title={Demarginalizing the intersection of race and sex: A black feminist critique of antidiscrimination doctrine, feminist theory and antiracist politics},
  author={Crenshaw, Kimberl{\'e}},
  booktitle={Feminist legal theories},
  pages={23--51},
  year={2013},
  publisher={Routledge}
}

@article{namaste1994politics,
  title={The politics of inside/out: Queer theory, poststructuralism, and a sociological approach to sexuality},
  author={Namaste, Ki},
  journal={Sociological theory},
  pages={220--231},
  year={1994},
  publisher={JSTOR}
}

@article{jung2024theorizing,
  title={Theorizing Sexuality Politics of Neoliberalism: A Queer Sociological Approach},
  author={Jung, Minwoo},
  journal={Sociology Compass},
  volume={18},
  number={9},
  pages={e70000},
  year={2024},
  publisher={Wiley Online Library}
}

@article{hames2011queer,
  title={Queer theory revisited},
  author={Hames-Garc{\'\i}a, Michael},
  journal={Gay Latino studies: A critical reader},
  volume={41},
  year={2011},
  publisher={Duke University Press Durham, NC}
}

@article{byrd2020s,
  title={What’s normative got to do with it? Toward Indigenous queer relationality},
  author={Byrd, Jodi A},
  journal={Social Text},
  volume={38},
  number={4},
  pages={105--123},
  year={2020},
  publisher={Duke University Press}
}

@article{asante2021decolonizing,
  title={Decolonizing queer modernities: The case for queer (post) colonial studies in critical/cultural communication},
  author={Asante, Godfried and Hanchey, Jenna N},
  journal={Communication and Critical/Cultural Studies},
  volume={18},
  number={2},
  pages={212--220},
  year={2021},
  publisher={Taylor \& Francis}
}

@incollection{martino2020theoretical,
  title={Theoretical developments: Queer theory meets crip theory},
  author={Martino, Alan Santinele and Schormans, Ann Fudge},
  booktitle={The Routledge handbook of disability and sexuality},
  pages={53--67},
  year={2020},
  publisher={Routledge}
}

@inproceedings{hou2024power,
  title={Power in Human-Robot Interaction},
  author={Hou, Yoyo Tsung-Yu and Cheon, EunJeong and Jung, Malte F},
  booktitle={Proceedings of the 2024 ACM/IEEE International Conference on Human-Robot Interaction},
  pages={269--282},
  year={2024}
}