@book{costanza2020design,
  title={Design justice: Community-led practices to build the worlds we need},
  author={Costanza-Chock, Sasha},
  year={2020},
  publisher={The MIT Press}
}

@article{gunkel2020mind,
  title={Mind the gap: responsible robotics and the problem of responsibility},
  author={Gunkel, David J},
  journal={Ethics and Information Technology},
  volume={22},
  number={4},
  pages={307--320},
  year={2020},
  publisher={Springer}
}

@article{tzafestas2016roboethics,
  title={Roboethics},
  author={Tzafestas, Spyros G},
  journal={A navigating overview. Heilberg: Springer},
  year={2016},
  publisher={Springer}
}

@book{anderson2011machine,
  title={Machine ethics},
  author={Anderson, Michael and Anderson, Susan Leigh},
  year={2011},
  publisher={Cambridge University Press}
}

@incollection{asaro2020should,
  title={What should we want from a robot ethic?},
  author={Asaro, Peter M},
  booktitle={Machine Ethics and Robot Ethics},
  pages={87--94},
  year={2020},
  publisher={Routledge}
}

@article{gips1991towards,
  title={Towards the ethical robot},
  author={Gips, James},
  journal={Machine ethics},
  volume={1},
  pages={244--253},
  year={1991},
  publisher={Cambridge University Press, Cambridge, UK}
}

@article{grau2006there,
  title={There is no" I" in" robot": Robots and utilitarianism},
  author={Grau, Christopher},
  journal={IEEE Intelligent Systems},
  volume={21},
  number={4},
  pages={52--55},
  year={2006},
  publisher={IEEE}
}

@article{coeckelbergh2021use,
  title={How to use virtue ethics for thinking about the moral standing of social robots: a relational interpretation in terms of practices, habits, and performance},
  author={Coeckelbergh, Mark},
  journal={International Journal of Social Robotics},
  volume={13},
  number={1},
  pages={31--40},
  year={2021},
  publisher={Springer}
}

@incollection{noble2021your,
    author = {Noble, Safiya Umoja},
    isbn = {9780262360777},
    title = {Your Robot Isnâ€™t Neutral},
    booktitle = {Your Computer Is on Fire},
    publisher = {The MIT Press},
    year = {2021},
    month = {03},
    doi = {10.7551/mitpress/10993.003.0014},
    url = {https://doi.org/10.7551/mitpress/10993.003.0014},
    eprint = {https://direct.mit.edu/book/chapter-pdf/2260375/9780262360777\_c001000.pdf},
}

@article{shaw2006contemporary,
  title={Contemporary criticisms of utilitarianism: A response},
  author={Shaw, William H},
  journal={The Blackwell guide to Mill's utilitarianism},
  pages={119--216},
  year={2006},
  publisher={Wiley Online Library}
}

@article{louden1984some,
  title={On some vices of virtue ethics},
  author={Louden, Robert B},
  journal={American Philosophical Quarterly},
  volume={21},
  number={3},
  pages={227--236},
  year={1984},
  publisher={JSTOR}
}

@InCollection{alexander2021deontological,
	author       =	{Alexander, Larry and Moore, Michael},
	title        =	{{Deontological Ethics}},
	booktitle    =	{The {Stanford} Encyclopedia of Philosophy},
	editor       =	{Edward N. Zalta},
	howpublished =	{\url{https://plato.stanford.edu/archives/win2021/entries/ethics-deontological/}},
	year         =	{2021},
	edition      =	{{W}inter 2021},
	publisher    =	{Metaphysics Research Lab, Stanford University}
}

@article{rueben2016privacy,
  title={Privacy in human-robot interaction: Survey and future work},
  author={Rueben, Matthew and Smart, William D},
  journal={We robot},
  volume={2016},
  pages={5th},
  year={2016}
}

@inproceedings{lee2011understanding,
  title={Understanding users' perception of privacy in human-robot interaction},
  author={Lee, Min Kyung and Tang, Karen P and Forlizzi, Jodi and Kiesler, Sara},
  booktitle={Proceedings of the 6th international conference on Human-robot interaction},
  pages={181--182},
  year={2011}
}

@inproceedings{rueben2018themes,
  title={Themes and research directions in privacy-sensitive robotics},
  author={Rueben, Matthew and Aroyo, Alexander Mois and Lutz, Christoph and Schm{\"o}lz, Johannes and Van Cleynenbreugel, Pieter and Corti, Andrea and Agrawal, Siddharth and Smart, William D},
  booktitle={2018 IEEE workshop on advanced robotics and its social impacts (ARSO)},
  pages={77--84},
  year={2018},
  organization={IEEE}
}

@inproceedings{callander2024navigating,
  title={Navigating the Human-Robot Interaction Landscape. Practical Guidelines for Privacy-Conscious Social Robots},
  author={Callander, Nicholas and Ram{\'\i}rez-Duque, Andr{\'e}s A and Foster, Mary Ellen},
  booktitle={Companion of the 2024 ACM/IEEE International Conference on Human-Robot Interaction},
  pages={283--287},
  year={2024}
}

@article{ashman2020outed,
  title={Outed by Advertisements: How LGBTQ Internet Users Present a Case for Federal Data Privacy Legislation},
  author={Ashman, Noah},
  journal={Or. L. Rev.},
  volume={99},
  pages={523},
  year={2020},
  publisher={HeinOnline}
}

@article{holley2015international,
  title={International anti-LGBT legislation: How nationalistic cultural warfare supports political motivations},
  author={Holley, Emily E},
  journal={Tul. JL \& Sexuality},
  volume={24},
  pages={179},
  year={2015},
  publisher={HeinOnline}
}

@article{lemley2019remedies,
  title={Remedies for robots},
  author={Lemley, Mark A and Casey, Bryan},
  journal={The University of Chicago Law Review},
  volume={86},
  number={5},
  pages={1311--1396},
  year={2019},
  publisher={JSTOR}
}

@article{moreira2024fairpivara,
  title={FairPIVARA: Reducing and Assessing Biases in CLIP-Based Multimodal Models},
  author={Moreira, Diego AB and Ferreira, Alef Iury and Silva, Jhessica and Santos, Gabriel Oliveira dos and Pereira, Luiz and Gondim, Jo{\~a}o Medrado and Bonil, Gustavo and Maia, Helena and da Silva, N{\'a}dia and Hashiguti, Simone Tiemi and others},
  journal={arXiv preprint arXiv:2409.19474},
  year={2024}
}

@inproceedings{bryant2020should,
  title={Why should we gender? The effect of robot gendering and occupational stereotypes on human trust and perceived competency},
  author={Bryant, De'Aira and Borenstein, Jason and Howard, Ayanna},
  booktitle={Proceedings of the 2020 ACM/IEEE international conference on human-robot interaction},
  pages={13--21},
  year={2020}
}

@article{qu2022effect,
  title={The effect of personal pronouns on users and the social role of conversational agents},
  author={Qu, Jianhong and Zhou, Ronggang and Chen, Zhe},
  journal={Behaviour \& Information Technology},
  volume={41},
  number={16},
  pages={3470--3486},
  year={2022},
  publisher={Taylor \& Francis}
}

@article{breazeal2016social,
  title={Social robotics},
  author={Breazeal, Cynthia and Dautenhahn, Kerstin and Kanda, Takayuki},
  journal={Springer handbook of robotics},
  pages={1935--1972},
  year={2016},
  publisher={Springer}
}