@inproceedings{bender2021dangers,
  title={On the dangers of stochastic parrots: Can language models be too big?},
  author={Bender, Emily M and Gebru, Timnit and McMillan-Major, Angelina and Shmitchell, Shmargaret},
  booktitle={Proceedings of the 2021 ACM conference on fairness, accountability, and transparency},
  pages={610--623},
  year={2021}
}

@article{bolukbasi2016man,
  title={Man is to computer programmer as woman is to homemaker? debiasing word embeddings},
  author={Bolukbasi, Tolga and Chang, Kai-Wei and Zou, James Y and Saligrama, Venkatesh and Kalai, Adam T},
  journal={Advances in neural information processing systems},
  volume={29},
  year={2016}
}

@article{caliskan2017semantics,
  title={Semantics derived automatically from language corpora contain human-like biases},
  author={Caliskan, Aylin and Bryson, Joanna J and Narayanan, Arvind},
  journal={Science},
  volume={356},
  number={6334},
  pages={183--186},
  year={2017},
  publisher={American Association for the Advancement of Science}
}

@article{sheng2021societal,
  title={Societal biases in language generation: Progress and challenges},
  author={Sheng, Emily and Chang, Kai-Wei and Natarajan, Premkumar and Peng, Nanyun},
  journal={arXiv preprint arXiv:2105.04054},
  year={2021}
}

@article{gehman2020realtoxicityprompts,
  title={Realtoxicityprompts: Evaluating neural toxic degeneration in language models},
  author={Gehman, Samuel and Gururangan, Suchin and Sap, Maarten and Choi, Yejin and Smith, Noah A},
  journal={arXiv preprint arXiv:2009.11462},
  year={2020}
}

@inproceedings{kim2024understanding,
  title={Understanding large-language model (llm)-powered human-robot interaction},
  author={Kim, Callie Y and Lee, Christine P and Mutlu, Bilge},
  booktitle={Proceedings of the 2024 ACM/IEEE International Conference on Human-Robot Interaction},
  pages={371--380},
  year={2024}
}

@article{wang2024large,
  title={Large language models for multi-modal human-robot interaction},
  author={Wang, Chao and Hasler, Stephan and Tanneberg, Daniel and Ocker, Felix and Joublin, Frank and Ceravola, Antonello and Deigmoeller, Joerg and Gienger, Michael},
  journal={arXiv preprint arXiv:2401.15174},
  year={2024}
}

@misc{williams2024scarecrows,
  title={Scarecrows in oz: the use of large language models in hri},
  author={Williams, Tom and Matuszek, Cynthia and Mead, Ross and Depalma, Nick},
  journal={ACM Transactions on Human-Robot Interaction},
  volume={13},
  number={1},
  pages={1--11},
  year={2024},
  publisher={ACM New York, NY}
}

@inproceedings{grassi2024enhancing,
  title={Enhancing LLM-Based Human-Robot Interaction with Nuances for Diversity Awareness},
  author={Grassi, Lucrezia and Recchiuto, Carmine Tommaso and Sgorbissa, Antonio},
  booktitle={2024 33rd IEEE International Conference on Robot and Human Interactive Communication (ROMAN)},
  pages={2287--2294},
  year={2024},
  organization={IEEE}
}

@article{ferrara2023should,
  title={Should chatgpt be biased? challenges and risks of bias in large language models},
  author={Ferrara, Emilio},
  journal={arXiv preprint arXiv:2304.03738},
  year={2023}
}

@article{navigli2023biases,
  title={Biases in large language models: origins, inventory, and discussion},
  author={Navigli, Roberto and Conia, Simone and Ross, Bj{\"o}rn},
  journal={ACM Journal of Data and Information Quality},
  volume={15},
  number={2},
  pages={1--21},
  year={2023},
  publisher={ACM New York, NY}
}

@article{gallegos2024bias,
  title={Bias and fairness in large language models: A survey},
  author={Gallegos, Isabel O and Rossi, Ryan A and Barrow, Joe and Tanjim, Md Mehrab and Kim, Sungchul and Dernoncourt, Franck and Yu, Tong and Zhang, Ruiyi and Ahmed, Nesreen K},
  journal={Computational Linguistics},
  pages={1--79},
  year={2024},
  publisher={MIT Press 255 Main Street, 9th Floor, Cambridge, Massachusetts 02142, USA~â€¦}
}

@inproceedings{kotek2023gender,
  title={Gender bias and stereotypes in large language models},
  author={Kotek, Hadas and Dockum, Rikker and Sun, David},
  booktitle={Proceedings of the ACM collective intelligence conference},
  pages={12--24},
  year={2023}
}

@article{stahl2016ethics,
  title={Ethics of healthcare robotics: Towards responsible research and innovation},
  author={Stahl, Bernd Carsten and Coeckelbergh, Mark},
  journal={Robotics and Autonomous Systems},
  volume={86},
  pages={152--161},
  year={2016},
  publisher={Elsevier}
}

@article{boada2021ethical,
  title={The ethical issues of social assistive robotics: A critical literature review},
  author={Boada, J{\'u}lia Pareto and Maestre, Bego{\~n}a Rom{\'a}n and Gen{\'\i}s, Carme Torras},
  journal={Technology in Society},
  volume={67},
  pages={101726},
  year={2021},
  publisher={Elsevier}
}

@article{murphy2009beyond,
  title={Beyond Asimov: The three laws of responsible robotics},
  author={Murphy, Robin and Woods, David D},
  journal={IEEE intelligent systems},
  volume={24},
  number={4},
  pages={14--20},
  year={2009},
  publisher={IEEE}
}

@inproceedings{bartneck2018robots,
  title={Robots and racism},
  author={Bartneck, Christoph and Yogeeswaran, Kumar and Ser, Qi Min and Woodward, Graeme and Sparrow, Robert and Wang, Siheng and Eyssel, Friederike},
  booktitle={Proceedings of the 2018 ACM/IEEE international conference on human-robot interaction},
  pages={196--204},
  year={2018}
}

@article{vernon2024african,
  title={An African Perspective on Culturally Competent Social Robotics: Why Diversity, Equity, and Inclusion Matters in Human-Robot Interaction [Opinion]},
  author={Vernon, David},
  journal={IEEE Robotics \& Automation Magazine},
  volume={31},
  number={4},
  pages={170--200},
  year={2024},
  publisher={IEEE}
}

@inproceedings{hundt2022robots,
  title={Robots enact malignant stereotypes},
  author={Hundt, Andrew and Agnew, William and Zeng, Vicky and Kacianka, Severin and Gombolay, Matthew},
  booktitle={Proceedings of the 2022 ACM Conference on Fairness, Accountability, and Transparency},
  pages={743--756},
  year={2022}
}

@article{hurst2024gpt,
  title={Gpt-4o system card},
  author={Hurst, Aaron and Lerer, Adam and Goucher, Adam P and Perelman, Adam and Ramesh, Aditya and Clark, Aidan and Ostrow, AJ and Welihinda, Akila and Hayes, Alan and Radford, Alec and others},
  journal={arXiv preprint arXiv:2410.21276},
  year={2024}
}

@inproceedings{ramos2003using,
  title={Using tf-idf to determine word relevance in document queries},
  author={Ramos, Juan and others},
  booktitle={Proceedings of the first instructional conference on machine learning},
  volume={242},
  pages={29--48},
  year={2003},
  organization={Citeseer}
}

@article{reimers2019sentence,
  title={Sentence-BERT: Sentence Embeddings using Siamese BERT-Networks},
  author={Reimers, N},
  journal={arXiv preprint arXiv:1908.10084},
  year={2019}
}

@article{shew2020ableism,
  title={Ableism, technoableism, and future AI},
  author={Shew, Ashley},
  journal={IEEE Technology and Society Magazine},
  volume={39},
  number={1},
  pages={40--85},
  year={2020},
  publisher={IEEE}
}