% Use this file for citations not found in the ACL Anthology (contained in "anthology.bib").
@article{opt,
  title={Opt: Open pre-trained transformer language models},
  author={Zhang, Susan and Roller, Stephen and Goyal, Naman and Artetxe, Mikel and Chen, Moya and Chen, Shuohui and Dewan, Christopher and Diab, Mona and Li, Xian and Lin, Xi Victoria and others},
  journal={arXiv preprint arXiv:2205.01068},
  year={2022}
}
@article{llama,
  title={Llama: Open and efficient foundation language models},
  author={Touvron, Hugo and Lavril, Thibaut and Izacard, Gautier and Martinet, Xavier and Lachaux, Marie-Anne and Lacroix, Timoth{\'e}e and Rozi{\`e}re, Baptiste and Goyal, Naman and Hambro, Eric and Azhar, Faisal and others},
  journal={arXiv preprint arXiv:2302.13971},
  year={2023}
}
@inproceedings{zerooffload,
  title={$\{$Zero-offload$\}$: Democratizing $\{$billion-scale$\}$ model training},
  author={Ren, Jie and Rajbhandari, Samyam and Aminabadi, Reza Yazdani and Ruwase, Olatunji and Yang, Shuangyan and Zhang, Minjia and Li, Dong and He, Yuxiong},
  booktitle={2021 USENIX Annual Technical Conference (USENIX ATC 21)},
  pages={551--564},
  year={2021}
}
@article{palm,
  title={Palm: Scaling language modeling with pathways},
  author={Chowdhery, Aakanksha and Narang, Sharan and Devlin, Jacob and Bosma, Maarten and Mishra, Gaurav and Roberts, Adam and Barham, Paul and Chung, Hyung Won and Sutton, Charles and Gehrmann, Sebastian and others},
  journal={Journal of Machine Learning Research},
  volume={24},
  number={240},
  pages={1--113},
  year={2023}
}

@article{pile,
  title={The pile: An 800gb dataset of diverse text for language modeling},
  author={Gao, Leo and Biderman, Stella and Black, Sid and Golding, Laurence and Hoppe, Travis and Foster, Charles and Phang, Jason and He, Horace and Thite, Anish and Nabeshima, Noa and others},
  journal={arXiv preprint arXiv:2101.00027},
  year={2020}
}
@article{deepcompression,
  title={Deep compression: Compressing deep neural networks with pruning, trained quantization and huffman coding},
  author={Han, Song and Mao, Huizi and Dally, William J},
  journal={arXiv preprint arXiv:1510.00149},
  year={2015}
}

@inproceedings{flexgen,
  title={Flexgen: High-throughput generative inference of large language models with a single gpu},
  author={Sheng, Ying and Zheng, Lianmin and Yuan, Binhang and Li, Zhuohan and Ryabinin, Max and Chen, Beidi and Liang, Percy and R{\'e}, Christopher and Stoica, Ion and Zhang, Ce},
  booktitle={International Conference on Machine Learning},
  pages={31094--31116},
  year={2023},
  organization={PMLR}
}
@article{llminflash,
  title={Llm in a flash: Efficient large language model inference with limited memory},
  author={Alizadeh, Keivan and Mirzadeh, Iman and Belenko, Dmitry and Khatamifard, Karen and Cho, Minsik and Del Mundo, Carlo C and Rastegari, Mohammad and Farajtabar, Mehrdad},
  journal={arXiv preprint arXiv:2312.11514},
  year={2023}
}

@article{mao2024compressibility,
  title={On the compressibility of quantized large language models},
  author={Mao, Yu and Wang, Weilan and Du, Hongchao and Guan, Nan and Xue, Chun Jason},
  journal={arXiv preprint arXiv:2403.01384},
  year={2024}
}

@article{zhu2023survey,
  title={A survey on model compression for large language models},
  author={Zhu, Xunyu and Li, Jian and Liu, Yong and Ma, Can and Wang, Weiping},
  journal={arXiv preprint arXiv:2308.07633},
  year={2023}
}
@article{wang2024modelsurvey,
  title={Model Compression and Efficient Inference for Large Language Models: A Survey},
  author={Wang, Wenxiao and Chen, Wei and Luo, Yicong and Long, Yongliu and Lin, Zhengkai and Zhang, Liye and Lin, Binbin and Cai, Deng and He, Xiaofei},
  journal={arXiv preprint arXiv:2402.09748},
  year={2024}
}
@article{inferencesurveyllm,
  title={LLM Inference Unveiled: Survey and Roofline Model Insights},
  author={Yuan, Zhihang and Shang, Yuzhang and Zhou, Yang and Dong, Zhen and Xue, Chenhao and Wu, Bingzhe and Li, Zhikai and Gu, Qingyi and Lee, Yong Jae and Yan, Yan and others},
  journal={arXiv preprint arXiv:2402.16363},
  year={2024}
}

@misc{Zstd,
    author = {Facebook},
    note = {\url{https://github.com/facebook/zstd}}
}
@misc{nvcomp,
    author = {NVIDIA},
    note = {\url{https://github.com/NVIDIA/nvcomp}}
}
@article{huffman,
  title={A method for the construction of minimum-redundancy codes},
  author={Huffman, David A},
  journal={Proceedings of the IRE},
  volume={40},
  number={9},
  pages={1098--1101},
  year={1952},
  publisher={IEEE}
}
@article{deflate,
  title={Deflate compression algorithm},
  author={Oswal, Savan and Singh, Anjali and Kumari, Kirthi},
  journal={International Journal of Engineering Research and General Science},
  volume={4},
  number={1},
  pages={430--436},
  year={2016},
  publisher={Citeseer}
}
@inproceedings{snappy,
  title={Snappy: A simple algorithm portfolio},
  author={Samulowitz, Horst and Reddy, Chandra and Sabharwal, Ashish and Sellmann, Meinolf},
  booktitle={Theory and Applications of Satisfiability Testing--SAT 2013: 16th International Conference, Helsinki, Finland, July 8-12, 2013. Proceedings 16},
  pages={422--428},
  year={2013},
  organization={Springer}
}

@misc{eval-harness,
  author       = {Gao, Leo and Tow, Jonathan and Abbasi, Baber and Biderman, Stella and Black, Sid and DiPofi, Anthony and Foster, Charles and Golding, Laurence and Hsu, Jeffrey and Le Noac'h, Alain and Li, Haonan and McDonell, Kyle and Muennighoff, Niklas and Ociepa, Chris and Phang, Jason and Reynolds, Laria and Schoelkopf, Hailey and Skowron, Aviya and Sutawika, Lintang and Tang, Eric and Thite, Anish and Wang, Ben and Wang, Kevin and Zou, Andy},
  title        = {A framework for few-shot language model evaluation},
  month        = 12,
  year         = 2023,
  publisher    = {Zenodo},
  version      = {v0.4.0},
  doi          = {10.5281/zenodo.10256836},
  url          = {https://zenodo.org/records/10256836}
}

@inproceedings{smoothquant,
  title={Smoothquant: Accurate and efficient post-training quantization for large language models},
  author={Xiao, Guangxuan and Lin, Ji and Seznec, Mickael and Wu, Hao and Demouth, Julien and Han, Song},
  booktitle={International Conference on Machine Learning},
  pages={38087--38099},
  year={2023},
  organization={PMLR}
}
@article{zeroquant,
  title={Zeroquant: Efficient and affordable post-training quantization for large-scale transformers},
  author={Yao, Zhewei and Yazdani Aminabadi, Reza and Zhang, Minjia and Wu, Xiaoxia and Li, Conglong and He, Yuxiong},
  journal={Advances in Neural Information Processing Systems},
  volume={35},
  pages={27168--27183},
  year={2022}
}
@article{os+,
  title={Outlier suppression+: Accurate quantization of large language models by equivalent and optimal shifting and scaling},
  author={Wei, Xiuying and Zhang, Yunchen and Li, Yuhang and Zhang, Xiangguo and Gong, Ruihao and Guo, Jinyang and Liu, Xianglong},
  journal={arXiv preprint arXiv:2304.09145},
  year={2023}
}

@article{gptq,
  title={Gptq: Accurate post-training quantization for generative pre-trained transformers},
  author={Frantar, Elias and Ashkboos, Saleh and Hoefler, Torsten and Alistarh, Dan},
  journal={arXiv preprint arXiv:2210.17323},
  year={2022}
}
@article{awq,
  title={Awq: Activation-aware weight quantization for llm compression and acceleration},
  author={Lin, Ji and Tang, Jiaming and Tang, Haotian and Yang, Shang and Chen, Wei-Ming and Wang, Wei-Chen and Xiao, Guangxuan and Dang, Xingyu and Gan, Chuang and Han, Song},
  journal={arXiv preprint arXiv:2306.00978},
  year={2023}
}
@article{llmint8,
  title={Llm. int8 (): 8-bit matrix multiplication for transformers at scale, 2022},
  author={Dettmers, Tim and Lewis, Mike and Belkada, Younes and Zettlemoyer, Luke},
  journal={CoRR abs/2208.07339}
}

@article{llmpruner,
  title={Llm-pruner: On the structural pruning of large language models},
  author={Ma, Xinyin and Fang, Gongfan and Wang, Xinchao},
  journal={Advances in neural information processing systems},
  volume={36},
  pages={21702--21720},
  year={2023}
}
@article{gum,
  title={What matters in the structured pruning of generative language models?},
  author={Santacroce, Michael and Wen, Zixin and Shen, Yelong and Li, Yuanzhi},
  journal={arXiv preprint arXiv:2302.03773},
  year={2023}
}
@article{wanda,
  title={A simple and effective pruning approach for large language models},
  author={Sun, Mingjie and Liu, Zhuang and Bair, Anna and Kolter, J Zico},
  journal={arXiv preprint arXiv:2306.11695},
  year={2023}
}
@article{magnitude,
  title={A simple and effective pruning approach for large language models},
  author={Sun, Mingjie and Liu, Zhuang and Bair, Anna and Kolter, J Zico},
  journal={arXiv preprint arXiv:2306.11695},
  year={2023}
}
@article{prunerzero,
  title={Pruner-Zero: Evolving Symbolic Pruning Metric from scratch for Large Language Models},
  author={Dong, Peijie and Li, Lujun and Tang, Zhenheng and Liu, Xiang and Pan, Xinglin and Wang, Qiang and Chu, Xiaowen},
  journal={arXiv preprint arXiv:2406.02924},
  year={2024}
}
@inproceedings{sparsegpt,
  title={Sparsegpt: Massive language models can be accurately pruned in one-shot},
  author={Frantar, Elias and Alistarh, Dan},
  booktitle={International Conference on Machine Learning},
  pages={10323--10337},
  year={2023},
  organization={PMLR}
}

@article{paperno2016lambada,
  title={The LAMBADA dataset: Word prediction requiring a broad discourse context},
  author={Paperno, Denis and Kruszewski, Germ{\'a}n and Lazaridou, Angeliki and Pham, Quan Ngoc and Bernardi, Raffaella and Pezzelle, Sandro and Baroni, Marco and Boleda, Gemma and Fern{\'a}ndez, Raquel},
  journal={arXiv preprint arXiv:1606.06031},
  year={2016}
}
@article{zellers2019hellaswag,
  title={Hellaswag: Can a machine really finish your sentence?},
  author={Zellers, Rowan and Holtzman, Ari and Bisk, Yonatan and Farhadi, Ali and Choi, Yejin},
  journal={arXiv preprint arXiv:1905.07830},
  year={2019}
}
@inproceedings{bisk2020piqa,
  title={Piqa: Reasoning about physical commonsense in natural language},
  author={Bisk, Yonatan and Zellers, Rowan and Gao, Jianfeng and Choi, Yejin and others},
  booktitle={Proceedings of the AAAI conference on artificial intelligence},
  volume={34},
  number={05},
  pages={7432--7439},
  year={2020}
}
@article{sakaguchi2021winogrande,
  title={Winogrande: An adversarial winograd schema challenge at scale},
  author={Sakaguchi, Keisuke and Bras, Ronan Le and Bhagavatula, Chandra and Choi, Yejin},
  journal={Communications of the ACM},
  volume={64},
  number={9},
  pages={99--106},
  year={2021},
  publisher={ACM New York, NY, USA}
}
@article{mmlu,
  title={Measuring massive multitask language understanding},
  author={Hendrycks, Dan and Burns, Collin and Basart, Steven and Zou, Andy and Mazeika, Mantas and Song, Dawn and Steinhardt, Jacob},
  journal={arXiv preprint arXiv:2009.03300},
  year={2020}
}
@article{mathqa,
  title={Mathqa: Towards interpretable math word problem solving with operation-based formalisms},
  author={Amini, Aida and Gabriel, Saadia and Lin, Peter and Koncel-Kedziorski, Rik and Choi, Yejin and Hajishirzi, Hannaneh},
  journal={arXiv preprint arXiv:1905.13319},
  year={2019}
}
