@article{awq,
  title={Awq: Activation-aware weight quantization for llm compression and acceleration},
  author={Lin, Ji and Tang, Jiaming and Tang, Haotian and Yang, Shang and Chen, Wei-Ming and Wang, Wei-Chen and Xiao, Guangxuan and Dang, Xingyu and Gan, Chuang and Han, Song},
  journal={arXiv preprint arXiv:2306.00978},
  year={2023}
}

@article{deepcompression,
  title={Deep compression: Compressing deep neural networks with pruning, trained quantization and huffman coding},
  author={Han, Song and Mao, Huizi and Dally, William J},
  journal={arXiv preprint arXiv:1510.00149},
  year={2015}
}

@article{gptq,
  title={Gptq: Accurate post-training quantization for generative pre-trained transformers},
  author={Frantar, Elias and Ashkboos, Saleh and Hoefler, Torsten and Alistarh, Dan},
  journal={arXiv preprint arXiv:2210.17323},
  year={2022}
}

@article{gum,
  title={What matters in the structured pruning of generative language models?},
  author={Santacroce, Michael and Wen, Zixin and Shen, Yelong and Li, Yuanzhi},
  journal={arXiv preprint arXiv:2302.03773},
  year={2023}
}

@article{llmint8,
  title={Llm. int8 (): 8-bit matrix multiplication for transformers at scale, 2022},
  author={Dettmers, Tim and Lewis, Mike and Belkada, Younes and Zettlemoyer, Luke},
  journal={CoRR abs/2208.07339}
}

@article{llmpruner,
  title={Llm-pruner: On the structural pruning of large language models},
  author={Ma, Xinyin and Fang, Gongfan and Wang, Xinchao},
  journal={Advances in neural information processing systems},
  volume={36},
  pages={21702--21720},
  year={2023}
}

@article{os+,
  title={Outlier suppression+: Accurate quantization of large language models by equivalent and optimal shifting and scaling},
  author={Wei, Xiuying and Zhang, Yunchen and Li, Yuhang and Zhang, Xiangguo and Gong, Ruihao and Guo, Jinyang and Liu, Xianglong},
  journal={arXiv preprint arXiv:2304.09145},
  year={2023}
}

@article{prunerzero,
  title={Pruner-Zero: Evolving Symbolic Pruning Metric from scratch for Large Language Models},
  author={Dong, Peijie and Li, Lujun and Tang, Zhenheng and Liu, Xiang and Pan, Xinglin and Wang, Qiang and Chu, Xiaowen},
  journal={arXiv preprint arXiv:2406.02924},
  year={2024}
}

@inproceedings{smoothquant,
  title={Smoothquant: Accurate and efficient post-training quantization for large language models},
  author={Xiao, Guangxuan and Lin, Ji and Seznec, Mickael and Wu, Hao and Demouth, Julien and Han, Song},
  booktitle={International Conference on Machine Learning},
  pages={38087--38099},
  year={2023},
  organization={PMLR}
}

@inproceedings{sparsegpt,
  title={Sparsegpt: Massive language models can be accurately pruned in one-shot},
  author={Frantar, Elias and Alistarh, Dan},
  booktitle={International Conference on Machine Learning},
  pages={10323--10337},
  year={2023},
  organization={PMLR}
}

@article{wanda,
  title={A simple and effective pruning approach for large language models},
  author={Sun, Mingjie and Liu, Zhuang and Bair, Anna and Kolter, J Zico},
  journal={arXiv preprint arXiv:2306.11695},
  year={2023}
}

@article{wang2024modelsurvey,
  title={Model Compression and Efficient Inference for Large Language Models: A Survey},
  author={Wang, Wenxiao and Chen, Wei and Luo, Yicong and Long, Yongliu and Lin, Zhengkai and Zhang, Liye and Lin, Binbin and Cai, Deng and He, Xiaofei},
  journal={arXiv preprint arXiv:2402.09748},
  year={2024}
}

@article{zeroquant,
  title={Zeroquant: Efficient and affordable post-training quantization for large-scale transformers},
  author={Yao, Zhewei and Yazdani Aminabadi, Reza and Zhang, Minjia and Wu, Xiaoxia and Li, Conglong and He, Yuxiong},
  journal={Advances in Neural Information Processing Systems},
  volume={35},
  pages={27168--27183},
  year={2022}
}

@article{zhu2023survey,
  title={A survey on model compression for large language models},
  author={Zhu, Xunyu and Li, Jian and Liu, Yong and Ma, Can and Wang, Weiping},
  journal={arXiv preprint arXiv:2308.07633},
  year={2023}
}

