@inproceedings{chen2016xgboost,
  title={{XGBoost}: A scalable tree boosting system},
  author={Chen, Tianqi and Guestrin, Carlos},
  booktitle={The 22nd ACM SIGKDD International Conference on Knowledge Discovery and Data Mining},
  pages={785--794},
  year={2016}
}

@article{fan2024sgcldga,
  title={{SGCLDGA}: unveiling drug--gene associations through simple graph contrastive learning},
  author={Fan, Yanhao and Zhang, Che and Hu, Xiaowen and Huang, Zhijian and Xue, Jiameng and Deng, Lei},
  journal={Briefings in Bioinformatics},
  volume={25},
  number={3},
  pages={bbae231},
  year={2024},
  publisher={Oxford University Press}
}

@article{kawichai2021meta,
  title={Meta-path based gene ontology profiles for predicting drug-disease associations},
  author={Kawichai, Thitipong and Suratanee, Apichat and Plaimas, Kitiporn},
  journal={IEEE Access},
  volume={9},
  pages={41809--41820},
  year={2021},
  publisher={IEEE}
}

@article{li2018predicting,
  title={Predicting microRNA-disease associations using label propagation based on linear neighborhood similarity},
  author={Li, Guanghui and Luo, Jiawei and Xiao, Qiu and Liang, Cheng and Ding, Pingjian},
  journal={Journal of Biomedical Informatics},
  volume={82},
  pages={169--177},
  year={2018},
  publisher={Elsevier}
}

@article{li2019novel,
  title={A novel computational model for predicting microRNA--disease associations based on heterogeneous graph convolutional networks},
  author={Li, Chunyan and Liu, Hongju and Hu, Qian and Que, Jinlong and Yao, Junfeng},
  journal={Cells},
  volume={8},
  number={9},
  pages={977},
  year={2019},
  publisher={MDPI}
}

@article{li2020neural,
  title={Neural inductive matrix completion with graph convolutional networks for miRNA-disease association prediction},
  author={Li, Jin and Zhang, Sai and Liu, Tao and Ning, Chenxi and Zhang, Zhuoxuan and Zhou, Wei},
  journal={Bioinformatics},
  volume={36},
  number={8},
  pages={2538--2546},
  year={2020},
  publisher={Oxford University Press}
}

@article{liu2021smalf,
  title={{SMALF}: miRNA-disease associations prediction based on stacked autoencoder and XGBoost},
  author={Liu, Dayun and Huang, Yibiao and Nie, Wenjuan and Zhang, Jiaxuan and Deng, Lei},
  journal={BMC Bioinformatics},
  volume={22},
  number={1},
  pages={219},
  year={2021},
  publisher={Springer}
}

@article{wang2024hierarchical,
  title={Hierarchical negative sampling based graph contrastive learning approach for drug-disease association prediction},
  author={Wang, Yuanxu and Song, Jinmiao and Dai, Qiguo and Duan, Xiaodong},
  journal={IEEE Journal of Biomedical and Health Informatics},
  year={2024},
  publisher={IEEE}
}

@article{wu2021gaerf,
  title={{GAERF}: predicting lncRNA-disease associations by graph auto-encoder and random forest},
  author={Wu, Qing-Wen and Xia, Jun-Feng and Ni, Jian-Cheng and Zheng, Chun-Hou},
  journal={Briefings in Bioinformatics},
  volume={22},
  number={5},
  pages={bbaa391},
  year={2021},
  publisher={Oxford University Press}
}

@article{xuan2019inferring,
  title={Inferring the disease-associated miRNAs based on network representation learning and convolutional neural networks},
  author={Xuan, Ping and Sun, Hao and Wang, Xiao and Zhang, Tiangang and Pan, Shuxiang},
  journal={International Journal of Molecular Sciences},
  volume={20},
  number={15},
  pages={3648},
  year={2019},
  publisher={MDPI}
}

@article{yu2021predicting,
  title={Predicting drug--disease associations through layer attention graph convolutional network},
  author={Yu, Zhouxin and Huang, Feng and Zhao, Xiaohan and Xiao, Wenjie and Zhang, Wen},
  journal={Briefings in bioinformatics},
  volume={22},
  number={4},
  pages={bbaa243},
  year={2021},
  publisher={Oxford University Press}
}

@article{zhang2019graph,
  title={Graph convolutional networks: a comprehensive review},
  author={Zhang, Si and Tong, Hanghang and Xu, Jiejun and Maciejewski, Ross},
  journal={Computational Social Networks},
  volume={6},
  number={1},
  pages={1--23},
  year={2019},
  publisher={Springer}
}

