@article{lai2022accurate,
  title={Accurate protein function prediction via graph attention networks with predicted structure information},
  author={Lai, Boqiao and Xu, Jinbo},
  journal={Briefings in Bioinformatics},
  volume={23},
  number={1},
  pages={bbab502},
  year={2022},
  publisher={Oxford University Press}
}

@article{ashburner2000gene,
  title={Gene ontology: tool for the unification of biology},
  author={Ashburner, Michael and Ball, Catherine A and Blake, Judith A and Botstein, David and Butler, Heather and Cherry, J Michael and Davis, Allan P and Dolinski, Kara and Dwight, Selina S and Eppig, Janan T and others},
  journal={Nature Genetics},
  volume={25},
  number={1},
  pages={25--29},
  year={2000},
  publisher={Nature Publishing Group}
}

@article{villegas2021unsupervised,
  title={Unsupervised protein embeddings outperform hand-crafted sequence and structure features at predicting molecular function},
  author={Villegas-Morcillo, Amelia and Makrodimitris, Stavros and van Ham, Roeland CHJ and Gomez, Angel M and Sanchez, Victoria and Reinders, Marcel JT},
  journal={Bioinformatics},
  volume={37},
  number={2},
  pages={162--170},
  year={2021},
  publisher={Oxford University Press}
}

@inproceedings{lee2019self,
  title={Self-attention graph pooling},
  author={Lee, Junhyun and Lee, Inyeop and Kang, Jaewoo},
  booktitle={International Conference on Machine Learning},
  pages={3734--3743},
  year={2019},
  organization={PMLR}
}

@article{van2017neural,
  title={Neural discrete representation learning},
  author={Van Den Oord, Aaron and Vinyals, Oriol and others},
  journal={Advances in Neural Information Processing Systems},
  volume={30},
  year={2017}
}



@article{yang2024directional,
  title={Directional diffusion models for graph representation learning},
  author={Yang, Run and Yang, Yuling and Zhou, Fan and Sun, Qiang},
  journal={Advances in Neural Information Processing Systems},
  volume={36},
  year={2024}
}


@article{freshour2021integration,
  title={Integration of the Drug--Gene Interaction Database ({DGIdb} 4.0) with open crowdsource efforts},
  author={Freshour, Sharon L and Kiwala, Susanna and Cotto, Kelsy C and Coffman, Adam C and McMichael, Joshua F and Song, Jonathan J and Griffith, Malachi and Griffith, Obi L and Wagner, Alex H},
  journal={Nucleic Acids Research},
  volume={49},
  number={D1},
  pages={D1144--D1151},
  year={2021},
  publisher={Oxford University Press}
}

@article{fan2024sgcldga,
  title={{SGCLDGA}: unveiling drug--gene associations through simple graph contrastive learning},
  author={Fan, Yanhao and Zhang, Che and Hu, Xiaowen and Huang, Zhijian and Xue, Jiameng and Deng, Lei},
  journal={Briefings in Bioinformatics},
  volume={25},
  number={3},
  pages={bbae231},
  year={2024},
  publisher={Oxford University Press}
}

@inproceedings{wu2019simplifying,
  title={Simplifying graph convolutional networks},
  author={Wu, Felix and Souza, Amauri and Zhang, Tianyi and Fifty, Christopher and Yu, Tao and Weinberger, Kilian},
  booktitle={International Conference on Machine Learning},
  pages={6861--6871},
  year={2019},
  organization={PMLR}
}


@article{hamilton2017inductive,
  title={Inductive representation learning on large graphs},
  author={Hamilton, Will and Ying, Zhitao and Leskovec, Jure},
  journal={Advances in Neural Information Processing Systems},
  volume={30},
  year={2017}
}

@article{zhang2023gnngo3d,
  title={{GNNGO3D}: Protein function prediction based on 3d structure and functional hierarchy learning},
  author={Zhang, Liyuan and Jiang, Yongquan and Yang, Yan},
  journal={IEEE Transactions on Knowledge and Data Engineering},
  year={2023},
  publisher={IEEE}
}

@inproceedings{he2020lightgcn,
  title={{LightGCN}: Simplifying and powering graph convolution network for recommendation},
  author={He, Xiangnan and Deng, Kuan and Wang, Xiang and Li, Yan and Zhang, Yongdong and Wang, Meng},
  booktitle={International ACM SIGIR Conference on Research and Development in Information Retrieval},
  pages={639--648},
  year={2020}
}



@article{lee2000algorithms,
  title={Algorithms for non-negative matrix factorization},
  author={Lee, Daniel and Seung, H Sebastian},
  journal={Advances in Neural Information Processing Systems},
  volume={13},
  year={2000}
}

@article{zhang2022predicting,
  title={Predicting {miRNA}-disease associations via node-level attention graph auto-encoder},
  author={Zhang, Huizhe and Fang, Juntao and Sun, Yuping and Xie, Guobo and Lin, Zhiyi and Gu, Guosheng},
  journal={IEEE/ACM Transactions on Computational Biology and Bioinformatics},
  volume={20},
  number={2},
  pages={1308--1318},
  year={2022},
  publisher={IEEE}
}

@article{yang2023predicting,
  title={Predicting {circRNA}-drug sensitivity associations by learning multimodal networks using graph auto-encoders and attention mechanism},
  author={Yang, Bo and Chen, Hailin},
  journal={Briefings in Bioinformatics},
  volume={24},
  number={1},
  pages={bbac596},
  year={2023},
  publisher={Oxford University Press}
}

@article{ramkumar2020crispr,
  title={{CRISPR}-based screens uncover determinants of immunotherapy response in multiple myeloma},
  author={Ramkumar, Poornima and Abarientos, Anthony B and Tian, Ruilin and Seyler, Meghan and Leong, Jaime T and Chen, Merissa and Choudhry, Priya and Hechler, Torsten and Shah, Nina and Wong, Sandy W and others},
  journal={Blood Advances},
  volume={4},
  number={13},
  pages={2899--2911},
  year={2020},
  publisher={American Society of Hematology Washington, DC}
}

@article{dara2022machine,
  title={Machine learning in drug discovery: a review},
  author={Dara, Suresh and Dhamercherla, Swetha and Jadav, Surender Singh and Babu, CH Madhu and Ahsan, Mohamed Jawed},
  journal={Artificial Intelligence Review},
  volume={55},
  number={3},
  pages={1947--1999},
  year={2022},
  publisher={Springer}
}

@article{sun202290,
  title={Why 90\% of clinical drug development fails and how to improve it?},
  author={Sun, Duxin and Gao, Wei and Hu, Hongxiang and Zhou, Simon},
  journal={Acta Pharmaceutica Sinica B},
  volume={12},
  number={7},
  pages={3049--3062},
  year={2022},
  publisher={Elsevier}
}

@article{zhao2015novel,
  title={A novel drug discovery strategy inspired by traditional medicine philosophies},
  author={Zhao, Xinfeng and Zheng, Xiaohui and Fan, Tai-Ping and Li, Zijian and Zhang, Youyi and Zheng, Jianbin},
  journal={Science},
  volume={347},
  number={6219},
  pages={S38--S40},
  year={2015},
  publisher={American Association for The Advancement of Science, Washington, USA}
}

@article{khan2021integration,
  title={Integration of {AI} and traditional medicine in drug discovery},
  author={Khan, Saifur R and Al Rijjal, Dana and Piro, Anthony and Wheeler, Michael B},
  journal={Drug discovery today},
  volume={26},
  number={4},
  pages={982--992},
  year={2021},
  publisher={Elsevier}
}

@article{wu2020analysis,
  title={Analysis of therapeutic targets for {SARS-CoV-2} and discovery of potential drugs by computational methods},
  author={Wu, Canrong and Liu, Yang and Yang, Yueying and Zhang, Peng and Zhong, Wu and Wang, Yali and Wang, Qiqi and Xu, Yang and Li, Mingxue and Li, Xingzhou and others},
  journal={Acta Pharmaceutica Sinica B},
  volume={10},
  number={5},
  pages={766--788},
  year={2020},
  publisher={Elsevier}
}

@article{li2020bioinformatics,
  title={Bioinformatics approaches for anti-cancer drug discovery},
  author={Li, Kening and Du, Yuxin and Li, Lu and Wei, Dong-Qing},
  journal={Current Drug Targets},
  volume={21},
  number={1},
  pages={3--17},
  year={2020},
  publisher={Bentham Science Publishers}
}

@article{rudrapal2020drug,
  title={Drug repurposing: an emerging approach in drug discovery},
  author={Rudrapal, Mithun and Khairnar, Shubham J and Jadhav, Anil G},
  journal={Drug Repurposing-hypothesis, Molecular Aspects and Therapeutic Applications},
  volume={1},
  number={1},
  year={2020},
  publisher={IntechOpen London, UK}
}

@article{jarada2020review,
  title={A review of computational drug repositioning: strategies, approaches, opportunities, challenges, and directions},
  author={Jarada, Tamer N and Rokne, Jon G and Alhajj, Reda},
  journal={Journal of Cheminformatics},
  volume={12},
  pages={1--23},
  year={2020},
  publisher={Springer}
}

@article{zanders2023gene,
  title={Gene expression analysis as an aid to the identification of drug targets},
  author={Zanders, Edward D},
  journal={Journal of Ethnopharmacology},
  volume={140},
  number={3},
  year={2023},
  publisher={Taylor \& Francis}
}



@article{hamet2017artificial,
  title={Artificial intelligence in medicine},
  author={Hamet, Pavel and Tremblay, Johanne},
  journal={Metabolism},
  volume={69},
  pages={S36--S40},
  year={2017},
  publisher={Elsevier}
}

@article{li2022recent,
  title={Recent advances in predicting protein--protein interactions with the aid of artificial intelligence algorithms},
  author={Li, Shiwei and Wu, Sanan and Wang, Lin and Li, Fenglei and Jiang, Hualiang and Bai, Fang},
  journal={Current Opinion in Structural Biology},
  volume={73},
  pages={102344},
  year={2022},
  publisher={Elsevier}
}

@article{dhakal2022artificial,
  title={Artificial intelligence in the prediction of protein--ligand interactions: recent advances and future directions},
  author={Dhakal, Ashwin and McKay, Cole and Tanner, John J and Cheng, Jianlin},
  journal={Briefings in Bioinformatics},
  volume={23},
  number={1},
  pages={bbab476},
  year={2022},
  publisher={Oxford University Press}
}

@article{tsigelny2019artificial,
  title={Artificial intelligence in drug combination therapy},
  author={Tsigelny, Igor F},
  journal={Briefings in Bioinformatics},
  volume={20},
  number={4},
  pages={1434--1448},
  year={2019},
  publisher={Oxford University Press}
}

@article{perlman2011combining,
  title={Combining drug and gene similarity measures for drug-target elucidation},
  author={Perlman, Liat and Gottlieb, Assaf and Atias, Nir and Ruppin, Eytan and Sharan, Roded},
  journal={Journal of Computational Biology},
  volume={18},
  number={2},
  pages={133--145},
  year={2011},
  publisher={Mary Ann Liebert, Inc. 140 Huguenot Street, 3rd Floor New Rochelle, NY 10801 USA}
}

@article{kawichai2021meta,
  title={Meta-path based gene ontology profiles for predicting drug-disease associations},
  author={Kawichai, Thitipong and Suratanee, Apichat and Plaimas, Kitiporn},
  journal={IEEE Access},
  volume={9},
  pages={41809--41820},
  year={2021},
  publisher={IEEE}
}

@article{hessler2018artificial,
  title={Artificial intelligence in drug design},
  author={Hessler, Gerhard and Baringhaus, Karl-Heinz},
  journal={Molecules},
  volume={23},
  number={10},
  pages={2520},
  year={2018},
  publisher={MDPI}
}

@article{david2020molecular,
  title={Molecular representations in AI-driven drug discovery: a review and practical guide},
  author={David, Laurianne and Thakkar, Amol and Mercado, Roc{\'\i}o and Engkvist, Ola},
  journal={Journal of Cheminformatics},
  volume={12},
  number={1},
  pages={56},
  year={2020},
  publisher={Springer}
}

@article{raparthi2020deep,
  title={Deep Learning for Personalized Medicine-Enhancing Precision Health With AI},
  author={Raparthi, Mohan},
  journal={Journal of Science \& Technology},
  volume={1},
  number={1},
  pages={82--90},
  year={2020}
}

@article{adam2020machine,
  title={Machine learning approaches to drug response prediction: challenges and recent progress},
  author={Adam, George and Ramp{\'a}{\v{s}}ek, Ladislav and Safikhani, Zhaleh and Smirnov, Petr and Haibe-Kains, Benjamin and Goldenberg, Anna},
  journal={NPJ Precision Oncology},
  volume={4},
  number={1},
  pages={19},
  year={2020},
  publisher={Nature Publishing Group UK London}
}

@article{lavecchia2019deep,
  title={Deep learning in drug discovery: opportunities, challenges and future prospects},
  author={Lavecchia, Antonio},
  journal={Drug Discovery Today},
  volume={24},
  number={10},
  pages={2017--2032},
  year={2019},
  publisher={Elsevier}
}

@article{gupta2021artificial,
  title={Artificial intelligence to deep learning: machine intelligence approach for drug discovery},
  author={Gupta, Rohan and Srivastava, Devesh and Sahu, Mehar and Tiwari, Swati and Ambasta, Rashmi K and Kumar, Pravir},
  journal={Molecular Diversity},
  volume={25},
  pages={1315--1360},
  year={2021},
  publisher={Springer}
}

@article{goh2007human,
  title={The human disease network},
  author={Goh, Kwang-Il and Cusick, Michael E and Valle, David and Childs, Barton and Vidal, Marc and Barab{\'a}si, Albert-L{\'a}szl{\'o}},
  journal={Proceedings of the National Academy of Sciences},
  volume={104},
  number={21},
  pages={8685--8690},
  year={2007},
  publisher={National Acad Sciences}
}

@article{vanunu2010associating,
  title={Associating genes and protein complexes with disease via network propagation},
  author={Vanunu, Oron and Magger, Oded and Ruppin, Eytan and Shlomi, Tomer and Sharan, Roded},
  journal={PLoS Computational Biology},
  volume={6},
  number={1},
  pages={e1000641},
  year={2010},
  publisher={Public Library of Science San Francisco, USA}
}

@article{wu2020analysis,
  title={Analysis of therapeutic targets for SARS-CoV-2 and discovery of potential drugs by computational methods},
  author={Wu, Canrong and Liu, Yang and Yang, Yueying and Zhang, Peng and Zhong, Wu and Wang, Yali and Wang, Qiqi and Xu, Yang and Li, Mingxue and Li, Xingzhou and others},
  journal={Acta Pharmaceutica Sinica B},
  volume={10},
  number={5},
  pages={766--788},
  year={2020},
  publisher={Elsevier}
}

@article{zhao2012co,
  title={A co-module approach for elucidating drug--disease associations and revealing their molecular basis},
  author={Zhao, Shiwen and Li, Shao},
  journal={Bioinformatics},
  volume={28},
  number={7},
  pages={955--961},
  year={2012},
  publisher={Oxford University Press}
}

@article{qureshi2023ai,
  title={AI in drug discovery and its clinical relevance},
  author={Qureshi, Rizwan and Irfan, Muhammad and Gondal, Taimoor Muzaffar and Khan, Sheheryar and Wu, Jia and Hadi, Muhammad Usman and Heymach, John and Le, Xiuning and Yan, Hong and Alam, Tanvir},
  journal={Heliyon},
  volume={9},
  number={7},
  year={2023},
  publisher={Elsevier}
}

@article{palhamkhani2023deepcompoundnet,
  title={DeepCompoundNet: enhancing compound--protein interaction prediction with multimodal convolutional neural networks},
  author={Palhamkhani, Farnaz and Alipour, Milad and Dehnad, Abbas and Abbasi, Karim and Razzaghi, Parvin and Ghasemi, Jahan B},
  journal={Journal of Biomolecular Structure and Dynamics},
  pages={1--10},
  year={2023},
  publisher={Taylor \& Francis}
}


@article{schneider2020rethinking,
  title={Rethinking drug design in the artificial intelligence era},
  author={Schneider, Petra and Walters, W Patrick and Plowright, Alleyn T and Sieroka, Norman and Listgarten, Jennifer and Goodnow Jr, Robert A and Fisher, Jasmin and Jansen, Johanna M and Duca, Jos{\'e} S and Rush, Thomas S and others},
  journal={Nature Reviews Drug Discovery},
  volume={19},
  number={5},
  pages={353--364},
  year={2020},
  publisher={Nature Publishing Group UK London}
}



@article{blanco2023role,
  title={The role of AI in drug discovery: challenges, opportunities, and strategies},
  author={Blanco-Gonzalez, Alexandre and Cabezon, Alfonso and Seco-Gonzalez, Alejandro and Conde-Torres, Daniel and Antelo-Riveiro, Paula and Pineiro, Angel and Garcia-Fandino, Rebeca},
  journal={Pharmaceuticals},
  volume={16},
  number={6},
  pages={891},
  year={2023},
  publisher={MDPI}
}

@article{scarselli2008graph,
  title={The graph neural network model},
  author={Scarselli, Franco and Gori, Marco and Tsoi, Ah Chung and Hagenbuchner, Markus and Monfardini, Gabriele},
  journal={IEEE Transactions on Neural Networks},
  volume={20},
  number={1},
  pages={61--80},
  year={2008},
  publisher={IEEE}
}

@inproceedings{liu2021tail,
  title={{Tail-GNN}: Tail-node graph neural networks},
  author={Liu, Zemin and Nguyen, Trung-Kien and Fang, Yuan},
  booktitle={The 27th ACM SIGKDD Conference on Knowledge Discovery \& Data Mining},
  pages={1109--1119},
  year={2021}
}


@article{su2022gnn,
  title={{GNN}-based Biomedical Knowledge Graph mining in drug development},
  author={Su, Chang and Hou, Yu and Wang, Fei},
  journal={Graph Neural Networks: Foundations, Frontiers, and Applications},
  pages={517--540},
  year={2022},
  publisher={Springer}
}



@article{zhang2022graph,
  title={Graph neural network approaches for drug-target interactions},
  author={Zhang, Zehong and Chen, Lifan and Zhong, Feisheng and Wang, Dingyan and Jiang, Jiaxin and Zhang, Sulin and Jiang, Hualiang and Zheng, Mingyue and Li, Xutong},
  journal={Current Opinion in Structural Biology},
  volume={73},
  pages={102327},
  year={2022},
  publisher={Elsevier}
}

@article{mishra2024tissue,
  title={Tissue specific tumor-gene link prediction through sampling based GNN using a heterogeneous network},
  author={Mishra, Surabhi and Singh, Gurjot and Bhattacharya, Mahua},
  journal={Medical \& Biological Engineering \& Computing},
  pages={1--12},
  year={2024},
  publisher={Springer}
}

@article{li2019novel,
  title={A novel computational model for predicting microRNA--disease associations based on heterogeneous graph convolutional networks},
  author={Li, Chunyan and Liu, Hongju and Hu, Qian and Que, Jinlong and Yao, Junfeng},
  journal={Cells},
  volume={8},
  number={9},
  pages={977},
  year={2019},
  publisher={MDPI}
}

@article{yu2021predicting,
  title={Predicting drug--disease associations through layer attention graph convolutional network},
  author={Yu, Zhouxin and Huang, Feng and Zhao, Xiaohan and Xiao, Wenjie and Zhang, Wen},
  journal={Briefings in bioinformatics},
  volume={22},
  number={4},
  pages={bbaa243},
  year={2021},
  publisher={Oxford University Press}
}

@article{tao2023prediction,
  title={Prediction of multi-relational drug--gene interaction via Dynamic hyperGraph Contrastive Learning},
  author={Tao, Wen and Liu, Yuansheng and Lin, Xuan and Song, Bosheng and Zeng, Xiangxiang},
  journal={Briefings in Bioinformatics},
  volume={24},
  number={6},
  pages={bbad371},
  year={2023},
  publisher={Oxford University Press}
}

@article{li2020neural,
  title={Neural inductive matrix completion with graph convolutional networks for miRNA-disease association prediction},
  author={Li, Jin and Zhang, Sai and Liu, Tao and Ning, Chenxi and Zhang, Zhuoxuan and Zhou, Wei},
  journal={Bioinformatics},
  volume={36},
  number={8},
  pages={2538--2546},
  year={2020},
  publisher={Oxford University Press}
}

@article{zhu2022tgsa,
  title={{TGSA}: protein--protein association-based twin graph neural networks for drug response prediction with similarity augmentation},
  author={Zhu, Yiheng and Ouyang, Zhenqiu and Chen, Wenbo and Feng, Ruiwei and Chen, Danny Z and Cao, Ji and Wu, Jian},
  journal={Bioinformatics},
  volume={38},
  number={2},
  pages={461--468},
  year={2022},
  publisher={Oxford University Press}
}

@inproceedings{huang2021understanding,
  title={Understanding and bridging the gaps in current GNN performance optimizations},
  author={Huang, Kezhao and Zhai, Jidong and Zheng, Zhen and Yi, Youngmin and Shen, Xipeng},
  booktitle={the ACM SIGPLAN Symposium on Principles and Practice of Parallel Programming},
  pages={119--132},
  year={2021}
}

@article{waikhom2023survey,
  title={A survey of graph neural networks in various learning paradigms: methods, applications, and challenges},
  author={Waikhom, Lilapati and Patgiri, Ripon},
  journal={Artificial Intelligence Review},
  volume={56},
  number={7},
  pages={6295--6364},
  year={2023},
  publisher={Springer}
}

@article{mohamed2021biological,
  title={Biological applications of knowledge graph embedding models},
  author={Mohamed, Sameh K and Nounu, Aayah and Nov{\'a}{\v{c}}ek, V{\'\i}t},
  journal={Briefings in Bioinformatics},
  volume={22},
  number={2},
  pages={1679--1693},
  year={2021},
  publisher={Oxford University Press}
}

@article{bonner2022review,
  title={A review of biomedical datasets relating to drug discovery: a knowledge graph perspective},
  author={Bonner, Stephen and Barrett, Ian P and Ye, Cheng and Swiers, Rowan and Engkvist, Ola and Bender, Andreas and Hoyt, Charles Tapley and Hamilton, William L},
  journal={Briefings in Bioinformatics},
  volume={23},
  number={6},
  pages={bbac404},
  year={2022},
  publisher={Oxford University Press}
}

@article{xie2022self,
  title={Self-supervised learning of graph neural networks: A unified review},
  author={Xie, Yaochen and Xu, Zhao and Zhang, Jingtun and Wang, Zhengyang and Ji, Shuiwang},
  journal={IEEE Transactions on Pattern Analysis and Machine Intelligence},
  volume={45},
  number={2},
  pages={2412--2429},
  year={2022},
  publisher={IEEE}
}



@article{aittokallio2006graph,
  title={Graph-based methods for analysing networks in cell biology},
  author={Aittokallio, Tero and Schwikowski, Benno},
  journal={Briefings in Bioinformatics},
  volume={7},
  number={3},
  pages={243--255},
  year={2006},
  publisher={Oxford University Press}
}

@article{topaz2015topological,
  title={Topological data analysis of biological aggregation models},
  author={Topaz, Chad M and Ziegelmeier, Lori and Halverson, Tom},
  journal={PloS One},
  volume={10},
  number={5},
  pages={e0126383},
  year={2015},
  publisher={Public Library of Science San Francisco, CA USA}
}

@article{pavlopoulos2011using,
  title={Using graph theory to analyze biological networks},
  author={Pavlopoulos, Georgios A and Secrier, Maria and Moschopoulos, Charalampos N and Soldatos, Theodoros G and Kossida, Sophia and Aerts, Jan and Schneider, Reinhard and Bagos, Pantelis G},
  journal={BioData Mining},
  volume={4},
  pages={1--27},
  year={2011},
  publisher={Springer}
}

@article{brohee2006evaluation,
  title={Evaluation of clustering algorithms for protein-protein interaction networks},
  author={Brohee, Sylvain and Van Helden, Jacques},
  journal={Bioinformatics},
  volume={7},
  pages={1--19},
  year={2006},
  publisher={Springer}
}

@article{pinter2005alignment,
  title={Alignment of metabolic pathways},
  author={Pinter, Ron Y and Rokhlenko, Oleg and Yeger-Lotem, Esti and Ziv-Ukelson, Michal},
  journal={Bioinformatics},
  volume={21},
  number={16},
  pages={3401--3408},
  year={2005},
  publisher={Oxford University Press}
}

@article{schlitt2007current,
  title={Current approaches to gene regulatory network modelling},
  author={Schlitt, Thomas and Brazma, Alvis},
  journal={Bioinformatics},
  volume={8},
  pages={1--22},
  year={2007},
  publisher={Springer}
}

@article{feng2017drug,
  title={Drug target protein-protein interaction networks: a systematic perspective},
  author={Feng, Yanghe and Wang, Qi and Wang, Tengjiao},
  journal={BioMed Research International},
  volume={2017},
  number={1},
  pages={1289259},
  year={2017},
  publisher={Wiley Online Library}
}

@article{potkin2010identifying,
  title={Identifying gene regulatory networks in schizophrenia},
  author={Potkin, Steven G and Macciardi, Fabio and Guffanti, Guia and Fallon, James H and Wang, Qi and Turner, Jessica A and Lakatos, Anita and Miles, Michael F and Lander, Arthur and Vawter, Marquis P and others},
  journal={Neuroimage},
  volume={53},
  number={3},
  pages={839--847},
  year={2010},
  publisher={Elsevier}
}

@article{yi2022graph,
  title={Graph representation learning in bioinformatics: trends, methods and applications},
  author={Yi, Hai-Cheng and You, Zhu-Hong and Huang, De-Shuang and Kwoh, Chee Keong},
  journal={Briefings in Bioinformatics},
  volume={23},
  number={1},
  pages={bbab340},
  year={2022},
  publisher={Oxford University Press}
}

@article{gonzalez2007medicinal,
  title={Medicinal chemistry and bioinformatics-current trends in drugs discovery with networks topological indices},
  author={Gonzalez-Diaz, Humberto and Vilar, Santiago and Santana, Lourdes and Uriarte, Eugenio},
  journal={Current Topics in Medicinal Chemistry},
  volume={7},
  number={10},
  pages={1015--1029},
  year={2007},
  publisher={Bentham Science Publishers}
}

@article{zhang2021graph,
  title={Graph neural networks and their current applications in bioinformatics},
  author={Zhang, Xiao-Meng and Liang, Li and Liu, Lin and Tang, Ming-Jing},
  journal={Frontiers in Genetics},
  volume={12},
  pages={690049},
  year={2021},
  publisher={Frontiers Media SA}
}

@article{navlakha2011network,
  title={Network archaeology: uncovering ancient networks from present-day interactions},
  author={Navlakha, Saket and Kingsford, Carl},
  journal={PLoS Computational Biology},
  volume={7},
  number={4},
  pages={e1001119},
  year={2011},
  publisher={Public Library of Science San Francisco, USA}
}

@article{lu2020deep,
  title={Deep matrix factorization improves prediction of human circRNA-disease associations},
  author={Lu, Chengqian and Zeng, Min and Zhang, Fuhao and Wu, Fang-Xiang and Li, Min and Wang, Jianxin},
  journal={IEEE Journal of Biomedical and Health Informatics},
  volume={25},
  number={3},
  pages={891--899},
  year={2020},
  publisher={IEEE}
}

@article{rao2021imputing,
  title={Imputing single-cell RNA-seq data by combining graph convolution and autoencoder neural networks},
  author={Rao, Jiahua and Zhou, Xiang and Lu, Yutong and Zhao, Huiying and Yang, Yuedong},
  journal={Iscience},
  volume={24},
  number={5},
  year={2021},
  publisher={Elsevier}
}

@article{chereda2021explaining,
  title={Explaining decisions of graph convolutional neural networks: patient-specific molecular subnetworks responsible for metastasis prediction in breast cancer},
  author={Chereda, Hryhorii and Bleckmann, Annalen and Menck, Kerstin and Perera-Bel, J{\'u}lia and Stegmaier, Philip and Auer, Florian and Kramer, Frank and Leha, Andreas and Bei{\ss}barth, Tim},
  journal={Genome Medicine},
  volume={13},
  pages={1--16},
  year={2021},
  publisher={Springer}
}

@article{yuan2016druge,
  title={DrugE-Rank: improving drug--target interaction prediction of new candidate drugs or targets by ensemble learning to rank},
  author={Yuan, Qingjun and Gao, Junning and Wu, Dongliang and Zhang, Shihua and Mamitsuka, Hiroshi and Zhu, Shanfeng},
  journal={Bioinformatics},
  volume={32},
  number={12},
  pages={i18--i27},
  year={2016},
  publisher={Oxford University Press}
}



@article{gopinath2018segmentation,
  title={Segmentation of retinal cysts from optical coherence tomography volumes via selective enhancement},
  author={Gopinath, Karthik and Sivaswamy, Jayanthi},
  journal={IEEE Journal of Biomedical and Health Informatics},
  volume={23},
  number={1},
  pages={273--282},
  year={2018},
  publisher={IEEE}
}

@article{gasteiger2019diffusion,
  title={Diffusion improves graph learning},
  author={Gasteiger, Johannes and Wei{\ss}enberger, Stefan and G{\"u}nnemann, Stephan},
  journal={Advances in Neural Information Processing Systems},
  volume={32},
  year={2019}
}



@inproceedings{zhang2022diffusion,
  title={Diffusion-based graph contrastive learning for recommendation with implicit feedback},
  author={Zhang, Lingzi and Liu, Yong and Zhou, Xin and Miao, Chunyan and Wang, Guoxin and Tang, Haihong},
  booktitle={International Conference on Database Systems for Advanced Applications},
  pages={232--247},
  year={2022},
  organization={Springer}
}


@article{wang2024hierarchical,
  title={Hierarchical negative sampling based graph contrastive learning approach for drug-disease association prediction},
  author={Wang, Yuanxu and Song, Jinmiao and Dai, Qiguo and Duan, Xiaodong},
  journal={IEEE Journal of Biomedical and Health Informatics},
  year={2024},
  publisher={IEEE}
}

@article{eronen2012biomine,
  title={Biomine: predicting links between biological entities using network models of heterogeneous databases},
  author={Eronen, Lauri and Toivonen, Hannu},
  journal={BMC bioinformatics},
  volume={13},
  pages={1--21},
  year={2012},
  publisher={Springer}
}

@inproceedings{meng2015discovering,
  title={Discovering meta-paths in large heterogeneous information networks},
  author={Meng, Changping and Cheng, Reynold and Maniu, Silviu and Senellart, Pierre and Zhang, Wangda},
  booktitle={The International Conference on World Wide Web},
  pages={754--764},
  year={2015}
}

@article{chuang2020debiased,
  title={Debiased contrastive learning},
  author={Chuang, Ching-Yao and Robinson, Joshua and Lin, Yen-Chen and Torralba, Antonio and Jegelka, Stefanie},
  journal={Advances in Neural Information Processing Systems},
  volume={33},
  pages={8765--8775},
  year={2020}
}

@inproceedings{nguyen2024diffusion,
  title={Diffusion-based Negative Sampling on Graphs for Link Prediction},
  author={Nguyen, Trung-Kien and Fang, Yuan},
  booktitle={The ACM on Web Conference},
  pages={948--958},
  year={2024}
}

@inproceedings{zhang2014meta,
  title={Meta-path based multi-network collective link prediction},
  author={Zhang, Jiawei and Yu, Philip S and Zhou, Zhi-Hua},
  booktitle={The ACM SIGKDD International Conference on Knowledge Discovery and Data Mining},
  pages={1286--1295},
  year={2014}
}

@article{wang2022contrastive,
  title={Contrastive learning with stronger augmentations},
  author={Wang, Xiao and Qi, Guo-Jun},
  journal={IEEE Transactions on Pattern Analysis and Machine Intelligence},
  volume={45},
  number={5},
  pages={5549--5560},
  year={2022},
  publisher={IEEE}
}

@article{yang2023diffusion,
  title={Diffusion models: A comprehensive survey of methods and applications},
  author={Yang, Ling and Zhang, Zhilong and Song, Yang and Hong, Shenda and Xu, Runsheng and Zhao, Yue and Zhang, Wentao and Cui, Bin and Yang, Ming-Hsuan},
  journal={ACM Computing Surveys},
  volume={56},
  number={4},
  pages={1--39},
  year={2023},
  publisher={ACM New York, NY, USA}
}

@article{zhang2023application,
  title={Application of Artificial Intelligence in Drug--Drug Interactions Prediction: A Review},
  author={Zhang, Yuanyuan and Deng, Zengqian and Xu, Xiaoyu and Feng, Yinfei and Junliang, Shang},
  journal={Journal of chemical information and modeling},
  volume={64},
  number={7},
  pages={2158--2173},
  year={2023},
  publisher={ACS Publications}
}

@article{evans2023transcriptome,
  title={Transcriptome-wide gene-gene interaction associations elucidate pathways and functional enrichment of complex traits},
  author={Evans, Luke M and Arehart, Christopher H and Grotzinger, Andrew D and Mize, Travis J and Brasher, Maizy S and Stitzel, Jerry A and Ehringer, Marissa A and Hoeffer, Charles A},
  journal={PLoS Genetics},
  volume={19},
  number={5},
  pages={e1010693},
  year={2023},
  publisher={Public Library of Science San Francisco, CA USA}
}

@inproceedings{liu2023hard,
  title={Hard sample aware network for contrastive deep graph clustering},
  author={Liu, Yue and Yang, Xihong and Zhou, Sihang and Liu, Xinwang and Wang, Zhen and Liang, Ke and Tu, Wenxuan and Li, Liang and Duan, Jingcan and Chen, Cancan},
  booktitle={The AAAI Conference on Artificial Intelligence},
  volume={37},
  number={7},
  pages={8914--8922},
  year={2023}
}

@article{ding2020simplify,
  title={Simplify and robustify negative sampling for implicit collaborative filtering},
  author={Ding, Jingtao and Quan, Yuhan and Yao, Quanming and Li, Yong and Jin, Depeng},
  journal={Advances in Neural Information Processing Systems},
  volume={33},
  pages={1094--1105},
  year={2020}
}



@article{daud2020applications,
  title={Applications of link prediction in social networks: A review},
  author={Daud, Nur Nasuha and Ab Hamid, Siti Hafizah and Saadoon, Muntadher and Sahran, Firdaus and Anuar, Nor Badrul},
  journal={Journal of Network and Computer Applications},
  volume={166},
  pages={102716},
  year={2020},
  publisher={Elsevier}
}


@article{sinha2021d2c,
  title={{D2C}: Diffusion-decoding models for few-shot conditional generation},
  author={Sinha, Abhishek and Song, Jiaming and Meng, Chenlin and Ermon, Stefano},
  journal={Advances in Neural Information Processing Systems},
  volume={34},
  pages={12533--12548},
  year={2021}
}

@article{lai2022accurate,
  title={Accurate protein function prediction via graph attention networks with predicted structure information},
  author={Lai, Boqiao and Xu, Jinbo},
  journal={Briefings in Bioinformatics},
  volume={23},
  number={1},
  pages={bbab502},
  year={2022},
  publisher={Oxford University Press}
}

@article{ashburner2000gene,
  title={Gene ontology: tool for the unification of biology},
  author={Ashburner, Michael and Ball, Catherine A and Blake, Judith A and Botstein, David and Butler, Heather and Cherry, J Michael and Davis, Allan P and Dolinski, Kara and Dwight, Selina S and Eppig, Janan T and others},
  journal={Nature Genetics},
  volume={25},
  number={1},
  pages={25--29},
  year={2000},
  publisher={Nature Publishing Group}
}

@article{villegas2021unsupervised,
  title={Unsupervised protein embeddings outperform hand-crafted sequence and structure features at predicting molecular function},
  author={Villegas-Morcillo, Amelia and Makrodimitris, Stavros and van Ham, Roeland CHJ and Gomez, Angel M and Sanchez, Victoria and Reinders, Marcel JT},
  journal={Bioinformatics},
  volume={37},
  number={2},
  pages={162--170},
  year={2021},
  publisher={Oxford University Press}
}

@inproceedings{lee2019self,
  title={Self-attention graph pooling},
  author={Lee, Junhyun and Lee, Inyeop and Kang, Jaewoo},
  booktitle={International Conference on Machine Learning},
  pages={3734--3743},
  year={2019},
  organization={PMLR}
}

@article{van2017neural,
  title={Neural discrete representation learning},
  author={Van Den Oord, Aaron and Vinyals, Oriol and others},
  journal={Advances in Neural Information Processing Systems},
  volume={30},
  year={2017}
}

@article{wu2024mape,
  title={MAPE-PPI: Towards Effective and Efficient Protein-Protein Interaction Prediction via Microenvironment-Aware Protein Embedding},
  author={Wu, Lirong and Tian, Yijun and Huang, Yufei and Li, Siyuan and Lin, Haitao and Chawla, Nitesh V and Li, Stan Z},
  journal={arXiv preprint arXiv:2402.14391},
  year={2024}
}

@article{abstreiter2021diffusion,
  title={Diffusion-based representation learning},
  author={Abstreiter, Korbinian and Mittal, Sarthak and Bauer, Stefan and Sch{\"o}lkopf, Bernhard and Mehrjou, Arash},
  journal={arXiv preprint arXiv:2105.14257},
  year={2021}
}

@article{yang2024directional,
  title={Directional diffusion models for graph representation learning},
  author={Yang, Run and Yang, Yuling and Zhou, Fan and Sun, Qiang},
  journal={Advances in Neural Information Processing Systems},
  volume={36},
  year={2024}
}

@article{zhao2023semignn,
  title={Semignn-ppi: Self-ensembling multi-graph neural network for efficient and generalizable protein-protein interaction prediction},
  author={Zhao, Ziyuan and Qian, Peisheng and Yang, Xulei and Zeng, Zeng and Guan, Cuntai and Tam, Wai Leong and Li, Xiaoli},
  journal={arXiv preprint arXiv:2305.08316},
  year={2023}
}



@inproceedings{wu2019simplifying,
  title={Simplifying graph convolutional networks},
  author={Wu, Felix and Souza, Amauri and Zhang, Tianyi and Fifty, Christopher and Yu, Tao and Weinberger, Kilian},
  booktitle={International Conference on Machine Learning},
  pages={6861--6871},
  year={2019},
  organization={PMLR}
}



@article{zhang2023gnngo3d,
  title={Gnngo3d: Protein function prediction based on 3d structure and functional hierarchy learning},
  author={Zhang, Liyuan and Jiang, Yongquan and Yang, Yan},
  journal={IEEE Transactions on Knowledge and Data Engineering},
  year={2023},
  publisher={IEEE}
}



@article{guan2024decompdiff,
  title={DecompDiff: diffusion models with decomposed priors for structure-based drug design},
  author={Guan, Jiaqi and Zhou, Xiangxin and Yang, Yuwei and Bao, Yu and Peng, Jian and Ma, Jianzhu and Liu, Qiang and Wang, Liang and Gu, Quanquan},
  journal={arXiv preprint arXiv:2403.07902},
  year={2024}
}

@article{ramkumar2020crispr,
  title={CRISPR-based screens uncover determinants of immunotherapy response in multiple myeloma},
  author={Ramkumar, Poornima and Abarientos, Anthony B and Tian, Ruilin and Seyler, Meghan and Leong, Jaime T and Chen, Merissa and Choudhry, Priya and Hechler, Torsten and Shah, Nina and Wong, Sandy W and others},
  journal={Blood advances},
  volume={4},
  number={13},
  pages={2899--2911},
  year={2020},
  publisher={American Society of Hematology Washington, DC}
}

@article{dara2022machine,
  title={Machine learning in drug discovery: a review},
  author={Dara, Suresh and Dhamercherla, Swetha and Jadav, Surender Singh and Babu, CH Madhu and Ahsan, Mohamed Jawed},
  journal={Artificial Intelligence Review},
  volume={55},
  number={3},
  pages={1947--1999},
  year={2022},
  publisher={Springer}
}

@article{sun202290,
  title={Why 90\% of clinical drug development fails and how to improve it?},
  author={Sun, Duxin and Gao, Wei and Hu, Hongxiang and Zhou, Simon},
  journal={Acta Pharmaceutica Sinica B},
  volume={12},
  number={7},
  pages={3049--3062},
  year={2022},
  publisher={Elsevier}
}

@article{liu2021smalf,
  title={{SMALF}: miRNA-disease associations prediction based on stacked autoencoder and XGBoost},
  author={Liu, Dayun and Huang, Yibiao and Nie, Wenjuan and Zhang, Jiaxuan and Deng, Lei},
  journal={BMC Bioinformatics},
  volume={22},
  number={1},
  pages={219},
  year={2021},
  publisher={Springer}
}

@article{xuan2019inferring,
  title={Inferring the disease-associated miRNAs based on network representation learning and convolutional neural networks},
  author={Xuan, Ping and Sun, Hao and Wang, Xiao and Zhang, Tiangang and Pan, Shuxiang},
  journal={International Journal of Molecular Sciences},
  volume={20},
  number={15},
  pages={3648},
  year={2019},
  publisher={MDPI}
}

@article{wu2021gaerf,
  title={{GAERF}: predicting lncRNA-disease associations by graph auto-encoder and random forest},
  author={Wu, Qing-Wen and Xia, Jun-Feng and Ni, Jian-Cheng and Zheng, Chun-Hou},
  journal={Briefings in Bioinformatics},
  volume={22},
  number={5},
  pages={bbaa391},
  year={2021},
  publisher={Oxford University Press}
}

@article{sun2014inferring,
  title={Inferring novel lncRNA--disease associations based on a random walk model of a lncRNA functional similarity network},
  author={Sun, Jie and Shi, Hongbo and Wang, Zhenzhen and Zhang, Changjian and Liu, Lin and Wang, Letian and He, Weiwei and Hao, Dapeng and Liu, Shulin and Zhou, Meng},
  journal={Molecular BioSystems},
  volume={10},
  number={8},
  pages={2074--2081},
  year={2014},
  publisher={Royal Society of Chemistry}
}

@article{li2018predicting,
  title={Predicting microRNA-disease associations using label propagation based on linear neighborhood similarity},
  author={Li, Guanghui and Luo, Jiawei and Xiao, Qiu and Liang, Cheng and Ding, Pingjian},
  journal={Journal of Biomedical Informatics},
  volume={82},
  pages={169--177},
  year={2018},
  publisher={Elsevier}
}



@article{mak2019artificial,
  title={Artificial intelligence in drug development: present status and future prospects},
  author={Mak, Kit-Kay and Pichika, Mallikarjuna Rao},
  journal={Drug Discovery Today},
  volume={24},
  number={3},
  pages={773--780},
  year={2019},
  publisher={Elsevier}
}

@article{freedman2019hunting,
  title={Hunting for new drugs with AI},
  author={Freedman, David H and others},
  journal={Nature},
  volume={576},
  number={7787},
  pages={S49--S53},
  year={2019},
  publisher={Nature}
}

@article{safaei2024ai,
  title={AI-driven Drug Repositioning for Identifying Novel Therapeutic Applications: Applies AI-driven approaches to repurpose existing drugs for new therapeutic indications, accelerating the discovery of potential treatments for various medical conditions},
  author={Safaei, Farzaneh},
  journal={African Journal of Artificial Intelligence and Sustainable Development},
  volume={4},
  number={1},
  pages={131--139},
  year={2024}
}

@article{lackner2024gene,
  title={Gene-network based analysis of human placental trophoblast subtypes identifies critical genes as potential targets of therapeutic drugs},
  author={Lackner, Andreas Ian and Pollheimer, J{\"u}rgen and Latos, Paulina and Kn{\"o}fler, Martin and Haider, Sandra},
  journal={Journal of Integrative Bioinformatics},
  volume={20},
  number={4},
  pages={20230011},
  year={2024},
  publisher={De Gruyter}
}

@article{de2024cut,
  title={The CUT\&RUN greenlist: genomic regions of consistent noise are effective normalizing factors for quantitative epigenome mapping},
  author={de Mello, Fabio N and Tahira, Ana C and Berzoti-Coelho, Maria Gabriela and Verjovski-Almeida, Sergio},
  journal={Briefings in Bioinformatics},
  volume={25},
  number={2},
  pages={bbad538},
  year={2024},
  publisher={Oxford University Press}
}

@article{brouard2024should,
  title={Should we really use graph neural networks for transcriptomic prediction?},
  author={Brouard, C{\'e}line and Mourad, Rapha{\"e}l and Vialaneix, Nathalie},
  journal={Briefings in Bioinformatics},
  volume={25},
  number={2},
  pages={bbae027},
  year={2024},
  publisher={Oxford University Press}
}

@article{karim2023explainable,
  title={Explainable ai for bioinformatics: Methods, tools and applications},
  author={Karim, Md Rezaul and Islam, Tanhim and Shajalal, Md and Beyan, Oya and Lange, Christoph and Cochez, Michael and Rebholz-Schuhmann, Dietrich and Decker, Stefan},
  journal={Briefings in Bioinformatics},
  volume={24},
  number={5},
  pages={bbad236},
  year={2023},
  publisher={Oxford University Press}
}



@article{lim2019rational,
  title={Rational discovery of dual-indication multi-target PDE/Kinase inhibitor for precision anti-cancer therapy using structural systems pharmacology},
  author={Lim, Hansaim and He, Di and Qiu, Yue and Krawczuk, Patrycja and Sun, Xiaoru and Xie, Lei},
  journal={PLoS Computational Biology},
  volume={15},
  number={6},
  pages={e1006619},
  year={2019},
  publisher={Public Library of Science San Francisco, CA USA}
}

@inproceedings{chen2016xgboost,
  title={{XGBoost}: A scalable tree boosting system},
  author={Chen, Tianqi and Guestrin, Carlos},
  booktitle={The 22nd ACM SIGKDD International Conference on Knowledge Discovery and Data Mining},
  pages={785--794},
  year={2016}
}

@article{lai2022accurate,
  title={Accurate protein function prediction via graph attention networks with predicted structure information},
  author={Lai, Boqiao and Xu, Jinbo},
  journal={Briefings in Bioinformatics},
  volume={23},
  number={1},
  pages={bbab502},
  year={2022},
  publisher={Oxford University Press}
}

@article{ashburner2000gene,
  title={Gene ontology: tool for the unification of biology},
  author={Ashburner, Michael and Ball, Catherine A and Blake, Judith A and Botstein, David and Butler, Heather and Cherry, J Michael and Davis, Allan P and Dolinski, Kara and Dwight, Selina S and Eppig, Janan T and others},
  journal={Nature Genetics},
  volume={25},
  number={1},
  pages={25--29},
  year={2000},
  publisher={Nature Publishing Group}
}

@article{villegas2021unsupervised,
  title={Unsupervised protein embeddings outperform hand-crafted sequence and structure features at predicting molecular function},
  author={Villegas-Morcillo, Amelia and Makrodimitris, Stavros and van Ham, Roeland CHJ and Gomez, Angel M and Sanchez, Victoria and Reinders, Marcel JT},
  journal={Bioinformatics},
  volume={37},
  number={2},
  pages={162--170},
  year={2021},
  publisher={Oxford University Press}
}

@inproceedings{lee2019self,
  title={Self-attention graph pooling},
  author={Lee, Junhyun and Lee, Inyeop and Kang, Jaewoo},
  booktitle={International Conference on Machine Learning},
  pages={3734--3743},
  year={2019},
  organization={PMLR}
}

@article{van2017neural,
  title={Neural discrete representation learning},
  author={Van Den Oord, Aaron and Vinyals, Oriol and others},
  journal={Advances in Neural Information Processing Systems},
  volume={30},
  year={2017}
}

@article{wu2024mape,
  title={MAPE-PPI: Towards Effective and Efficient Protein-Protein Interaction Prediction via Microenvironment-Aware Protein Embedding},
  author={Wu, Lirong and Tian, Yijun and Huang, Yufei and Li, Siyuan and Lin, Haitao and Chawla, Nitesh V and Li, Stan Z},
  journal={arXiv preprint arXiv:2402.14391},
  year={2024}
}

@article{abstreiter2021diffusion,
  title={Diffusion-based representation learning},
  author={Abstreiter, Korbinian and Mittal, Sarthak and Bauer, Stefan and Sch{\"o}lkopf, Bernhard and Mehrjou, Arash},
  journal={arXiv preprint arXiv:2105.14257},
  year={2021}
}

@article{yang2024directional,
  title={Directional diffusion models for graph representation learning},
  author={Yang, Run and Yang, Yuling and Zhou, Fan and Sun, Qiang},
  journal={Advances in Neural Information Processing Systems},
  volume={36},
  year={2024}
}

@article{zhao2023semignn,
  title={Semignn-ppi: Self-ensembling multi-graph neural network for efficient and generalizable protein-protein interaction prediction},
  author={Zhao, Ziyuan and Qian, Peisheng and Yang, Xulei and Zeng, Zeng and Guan, Cuntai and Tam, Wai Leong and Li, Xiaoli},
  journal={arXiv preprint arXiv:2305.08316},
  year={2023}
}



@inproceedings{wu2019simplifying,
  title={Simplifying graph convolutional networks},
  author={Wu, Felix and Souza, Amauri and Zhang, Tianyi and Fifty, Christopher and Yu, Tao and Weinberger, Kilian},
  booktitle={International Conference on Machine Learning},
  pages={6861--6871},
  year={2019},
  organization={PMLR}
}




@article{zhang2023gnngo3d,
  title={Gnngo3d: Protein function prediction based on 3d structure and functional hierarchy learning},
  author={Zhang, Liyuan and Jiang, Yongquan and Yang, Yan},
  journal={IEEE Transactions on Knowledge and Data Engineering},
  year={2023},
  publisher={IEEE}
}



@article{yang2024drhouse,
  title={DrHouse: An LLM-empowered Diagnostic Reasoning System through Harnessing Outcomes from Sensor Data and Expert Knowledge},
  author={Yang, Bufang and Jiang, Siyang and Xu, Lilin and Liu, Kaiwei and Li, Hai and Xing, Guoliang and Chen, Hongkai and Jiang, Xiaofan and Yan, Zhenyu},
  journal={arXiv preprint arXiv:2405.12541},
  year={2024}
}

@article{guan2024decompdiff,
  title={DecompDiff: diffusion models with decomposed priors for structure-based drug design},
  author={Guan, Jiaqi and Zhou, Xiangxin and Yang, Yuwei and Bao, Yu and Peng, Jian and Ma, Jianzhu and Liu, Qiang and Wang, Liang and Gu, Quanquan},
  journal={arXiv preprint arXiv:2403.07902},
  year={2024}
}

@article{ramkumar2020crispr,
  title={CRISPR-based screens uncover determinants of immunotherapy response in multiple myeloma},
  author={Ramkumar, Poornima and Abarientos, Anthony B and Tian, Ruilin and Seyler, Meghan and Leong, Jaime T and Chen, Merissa and Choudhry, Priya and Hechler, Torsten and Shah, Nina and Wong, Sandy W and others},
  journal={Blood advances},
  volume={4},
  number={13},
  pages={2899--2911},
  year={2020},
  publisher={American Society of Hematology Washington, DC}
}

@article{dara2022machine,
  title={Machine learning in drug discovery: a review},
  author={Dara, Suresh and Dhamercherla, Swetha and Jadav, Surender Singh and Babu, CH Madhu and Ahsan, Mohamed Jawed},
  journal={Artificial Intelligence Review},
  volume={55},
  number={3},
  pages={1947--1999},
  year={2022},
  publisher={Springer}
}

@article{sun202290,
  title={Why 90\% of clinical drug development fails and how to improve it?},
  author={Sun, Duxin and Gao, Wei and Hu, Hongxiang and Zhou, Simon},
  journal={Acta Pharmaceutica Sinica B},
  volume={12},
  number={7},
  pages={3049--3062},
  year={2022},
  publisher={Elsevier}
}

@article{zhao2015novel,
  title={A novel drug discovery strategy inspired by traditional medicine philosophies},
  author={Zhao, Xinfeng and Zheng, Xiaohui and Fan, Tai-Ping and Li, Zijian and Zhang, Youyi and Zheng, Jianbin},
  journal={Science},
  volume={347},
  number={6219},
  pages={S38--S40},
  year={2015},
  publisher={American Association for The Advancement of Science, Washington, USA}
}

@article{khan2021integration,
  title={Integration of AI and traditional medicine in drug discovery},
  author={Khan, Saifur R and Al Rijjal, Dana and Piro, Anthony and Wheeler, Michael B},
  journal={Drug discovery today},
  volume={26},
  number={4},
  pages={982--992},
  year={2021},
  publisher={Elsevier}
}

@article{wu2020analysis,
  title={Analysis of therapeutic targets for SARS-CoV-2 and discovery of potential drugs by computational methods},
  author={Wu, Canrong and Liu, Yang and Yang, Yueying and Zhang, Peng and Zhong, Wu and Wang, Yali and Wang, Qiqi and Xu, Yang and Li, Mingxue and Li, Xingzhou and others},
  journal={Acta Pharmaceutica Sinica B},
  volume={10},
  number={5},
  pages={766--788},
  year={2020},
  publisher={Elsevier}
}

@article{li2020bioinformatics,
  title={Bioinformatics approaches for anti-cancer drug discovery},
  author={Li, Kening and Du, Yuxin and Li, Lu and Wei, Dong-Qing},
  journal={Current drug targets},
  volume={21},
  number={1},
  pages={3--17},
  year={2020},
  publisher={Bentham Science Publishers}
}

@article{rudrapal2020drug,
  title={Drug repurposing (DR): an emerging approach in drug discovery},
  author={Rudrapal, Mithun and Khairnar, Shubham J and Jadhav, Anil G},
  journal={Drug repurposing-hypothesis, molecular aspects and therapeutic applications},
  volume={1},
  number={1},
  year={2020},
  publisher={IntechOpen London, UK}
}

@article{jarada2020review,
  title={A review of computational drug repositioning: strategies, approaches, opportunities, challenges, and directions},
  author={Jarada, Tamer N and Rokne, Jon G and Alhajj, Reda},
  journal={Journal of cheminformatics},
  volume={12},
  pages={1--23},
  year={2020},
  publisher={Springer}
}

@article{zanders2023gene,
  title={Gene expression analysis as an aid to the identification of drug targets},
  author={Zanders, Edward D},
  journal={Journal of Ethnopharmacology},
  volume={140},
  number={3},
  year={2023},
  publisher={Taylor \& Francis}
}

@book{konar2018artificial,
  title={Artificial intelligence and soft computing: behavioral and cognitive modeling of the human brain},
  author={Konar, Amit},
  year={2018},
  publisher={CRC press}
}

@article{hamet2017artificial,
  title={Artificial intelligence in medicine},
  author={Hamet, Pavel and Tremblay, Johanne},
  journal={Metabolism},
  volume={69},
  pages={S36--S40},
  year={2017},
  publisher={Elsevier}
}

@article{li2022recent,
  title={Recent advances in predicting protein--protein interactions with the aid of artificial intelligence algorithms},
  author={Li, Shiwei and Wu, Sanan and Wang, Lin and Li, Fenglei and Jiang, Hualiang and Bai, Fang},
  journal={Current Opinion in Structural Biology},
  volume={73},
  pages={102344},
  year={2022},
  publisher={Elsevier}
}

@article{dhakal2022artificial,
  title={Artificial intelligence in the prediction of protein--ligand interactions: recent advances and future directions},
  author={Dhakal, Ashwin and McKay, Cole and Tanner, John J and Cheng, Jianlin},
  journal={Briefings in Bioinformatics},
  volume={23},
  number={1},
  pages={bbab476},
  year={2022},
  publisher={Oxford University Press}
}

@article{tsigelny2019artificial,
  title={Artificial intelligence in drug combination therapy},
  author={Tsigelny, Igor F},
  journal={Briefings in bioinformatics},
  volume={20},
  number={4},
  pages={1434--1448},
  year={2019},
  publisher={Oxford University Press}
}

@article{perlman2011combining,
  title={Combining drug and gene similarity measures for drug-target elucidation},
  author={Perlman, Liat and Gottlieb, Assaf and Atias, Nir and Ruppin, Eytan and Sharan, Roded},
  journal={Journal of computational biology},
  volume={18},
  number={2},
  pages={133--145},
  year={2011},
  publisher={Mary Ann Liebert, Inc. 140 Huguenot Street, 3rd Floor New Rochelle, NY 10801 USA}
}



@article{hessler2018artificial,
  title={Artificial intelligence in drug design},
  author={Hessler, Gerhard and Baringhaus, Karl-Heinz},
  journal={Molecules},
  volume={23},
  number={10},
  pages={2520},
  year={2018},
  publisher={MDPI}
}

@article{david2020molecular,
  title={Molecular representations in AI-driven drug discovery: a review and practical guide},
  author={David, Laurianne and Thakkar, Amol and Mercado, Roc{\'\i}o and Engkvist, Ola},
  journal={Journal of Cheminformatics},
  volume={12},
  number={1},
  pages={56},
  year={2020},
  publisher={Springer}
}

@article{raparthi2020deep,
  title={Deep Learning for Personalized Medicine-Enhancing Precision Health With AI},
  author={Raparthi, Mohan},
  journal={Journal of Science \& Technology},
  volume={1},
  number={1},
  pages={82--90},
  year={2020}
}

@article{adam2020machine,
  title={Machine learning approaches to drug response prediction: challenges and recent progress},
  author={Adam, George and Ramp{\'a}{\v{s}}ek, Ladislav and Safikhani, Zhaleh and Smirnov, Petr and Haibe-Kains, Benjamin and Goldenberg, Anna},
  journal={NPJ precision oncology},
  volume={4},
  number={1},
  pages={19},
  year={2020},
  publisher={Nature Publishing Group UK London}
}

@article{lavecchia2019deep,
  title={Deep learning in drug discovery: opportunities, challenges and future prospects},
  author={Lavecchia, Antonio},
  journal={Drug discovery today},
  volume={24},
  number={10},
  pages={2017--2032},
  year={2019},
  publisher={Elsevier}
}

@article{gupta2021artificial,
  title={Artificial intelligence to deep learning: machine intelligence approach for drug discovery},
  author={Gupta, Rohan and Srivastava, Devesh and Sahu, Mehar and Tiwari, Swati and Ambasta, Rashmi K and Kumar, Pravir},
  journal={Molecular diversity},
  volume={25},
  pages={1315--1360},
  year={2021},
  publisher={Springer}
}

@article{goh2007human,
  title={The human disease network},
  author={Goh, Kwang-Il and Cusick, Michael E and Valle, David and Childs, Barton and Vidal, Marc and Barab{\'a}si, Albert-L{\'a}szl{\'o}},
  journal={Proceedings of the National Academy of Sciences},
  volume={104},
  number={21},
  pages={8685--8690},
  year={2007},
  publisher={National Acad Sciences}
}

@article{vanunu2010associating,
  title={Associating genes and protein complexes with disease via network propagation},
  author={Vanunu, Oron and Magger, Oded and Ruppin, Eytan and Shlomi, Tomer and Sharan, Roded},
  journal={PLoS computational biology},
  volume={6},
  number={1},
  pages={e1000641},
  year={2010},
  publisher={Public Library of Science San Francisco, USA}
}

@article{wu2020analysis,
  title={Analysis of therapeutic targets for SARS-CoV-2 and discovery of potential drugs by computational methods},
  author={Wu, Canrong and Liu, Yang and Yang, Yueying and Zhang, Peng and Zhong, Wu and Wang, Yali and Wang, Qiqi and Xu, Yang and Li, Mingxue and Li, Xingzhou and others},
  journal={Acta Pharmaceutica Sinica B},
  volume={10},
  number={5},
  pages={766--788},
  year={2020},
  publisher={Elsevier}
}

@article{zhao2012co,
  title={A co-module approach for elucidating drug--disease associations and revealing their molecular basis},
  author={Zhao, Shiwen and Li, Shao},
  journal={Bioinformatics},
  volume={28},
  number={7},
  pages={955--961},
  year={2012},
  publisher={Oxford University Press}
}

@article{qureshi2023ai,
  title={AI in drug discovery and its clinical relevance},
  author={Qureshi, Rizwan and Irfan, Muhammad and Gondal, Taimoor Muzaffar and Khan, Sheheryar and Wu, Jia and Hadi, Muhammad Usman and Heymach, John and Le, Xiuning and Yan, Hong and Alam, Tanvir},
  journal={Heliyon},
  volume={9},
  number={7},
  year={2023},
  publisher={Elsevier}
}

@article{palhamkhani2023deepcompoundnet,
  title={DeepCompoundNet: enhancing compound--protein interaction prediction with multimodal convolutional neural networks},
  author={Palhamkhani, Farnaz and Alipour, Milad and Dehnad, Abbas and Abbasi, Karim and Razzaghi, Parvin and Ghasemi, Jahan B},
  journal={Journal of Biomolecular Structure and Dynamics},
  pages={1--10},
  year={2023},
  publisher={Taylor \& Francis}
}

@article{lou2021ai,
  title={AI on drugs: Can artificial intelligence accelerate drug development? Evidence from a large-scale examination of bio-pharma firms},
  author={Lou, Bowen and Wu, Lynn},
  journal={Evidence from a Large-scale Examination of Bio-pharma Firms,(March 15, 2021). MISQ Forthcoming},
  year={2021}
}

@article{schneider2020rethinking,
  title={Rethinking drug design in the artificial intelligence era},
  author={Schneider, Petra and Walters, W Patrick and Plowright, Alleyn T and Sieroka, Norman and Listgarten, Jennifer and Goodnow Jr, Robert A and Fisher, Jasmin and Jansen, Johanna M and Duca, Jos{\'e} S and Rush, Thomas S and others},
  journal={Nature reviews drug discovery},
  volume={19},
  number={5},
  pages={353--364},
  year={2020},
  publisher={Nature Publishing Group UK London}
}



@article{blanco2023role,
  title={The role of AI in drug discovery: challenges, opportunities, and strategies},
  author={Blanco-Gonzalez, Alexandre and Cabezon, Alfonso and Seco-Gonzalez, Alejandro and Conde-Torres, Daniel and Antelo-Riveiro, Paula and Pineiro, Angel and Garcia-Fandino, Rebeca},
  journal={Pharmaceuticals},
  volume={16},
  number={6},
  pages={891},
  year={2023},
  publisher={MDPI}
}

@article{shang2019pre,
  title={Pre-training of graph augmented transformers for medication recommendation},
  author={Shang, Junyuan and Ma, Tengfei and Xiao, Cao and Sun, Jimeng},
  journal={arXiv preprint arXiv:1906.00346},
  year={2019}
}

@article{yasunaga2021qa,
  title={{QA-GNN}: Reasoning with language models and knowledge graphs for question answering},
  author={Yasunaga, Michihiro and Ren, Hongyu and Bosselut, Antoine and Liang, Percy and Leskovec, Jure},
  journal={arXiv preprint arXiv:2104.06378},
  year={2021}
}

@article{mishra2024tissue,
  title={Tissue specific tumor-gene link prediction through sampling based GNN using a heterogeneous network},
  author={Mishra, Surabhi and Singh, Gurjot and Bhattacharya, Mahua},
  journal={Medical \& Biological Engineering \& Computing},
  pages={1--12},
  year={2024},
  publisher={Springer}
}

@article{tao2023prediction,
  title={Prediction of multi-relational drug--gene interaction via Dynamic hyperGraph Contrastive Learning},
  author={Tao, Wen and Liu, Yuansheng and Lin, Xuan and Song, Bosheng and Zeng, Xiangxiang},
  journal={Briefings in Bioinformatics},
  volume={24},
  number={6},
  pages={bbad371},
  year={2023},
  publisher={Oxford University Press}
}



@inproceedings{huang2021understanding,
  title={Understanding and bridging the gaps in current GNN performance optimizations},
  author={Huang, Kezhao and Zhai, Jidong and Zheng, Zhen and Yi, Youngmin and Shen, Xipeng},
  booktitle={Proceedings of the 26th ACM SIGPLAN Symposium on Principles and Practice of Parallel Programming},
  pages={119--132},
  year={2021}
}

@article{waikhom2023survey,
  title={A survey of graph neural networks in various learning paradigms: methods, applications, and challenges},
  author={Waikhom, Lilapati and Patgiri, Ripon},
  journal={Artificial Intelligence Review},
  volume={56},
  number={7},
  pages={6295--6364},
  year={2023},
  publisher={Springer}
}

@article{mohamed2021biological,
  title={Biological applications of knowledge graph embedding models},
  author={Mohamed, Sameh K and Nounu, Aayah and Nov{\'a}{\v{c}}ek, V{\'\i}t},
  journal={Briefings in bioinformatics},
  volume={22},
  number={2},
  pages={1679--1693},
  year={2021},
  publisher={Oxford University Press}
}

@article{bonner2022review,
  title={A review of biomedical datasets relating to drug discovery: a knowledge graph perspective},
  author={Bonner, Stephen and Barrett, Ian P and Ye, Cheng and Swiers, Rowan and Engkvist, Ola and Bender, Andreas and Hoyt, Charles Tapley and Hamilton, William L},
  journal={Briefings in Bioinformatics},
  volume={23},
  number={6},
  pages={bbac404},
  year={2022},
  publisher={Oxford University Press}
}

@article{xie2022self,
  title={Self-supervised learning of graph neural networks: A unified review},
  author={Xie, Yaochen and Xu, Zhao and Zhang, Jingtun and Wang, Zhengyang and Ji, Shuiwang},
  journal={IEEE Transactions on Pattern Analysis and Machine Intelligence},
  volume={45},
  number={2},
  pages={2412--2429},
  year={2022},
  publisher={IEEE}
}

@article{wu2022survey,
  title={A survey of trustworthy graph learning: Reliability, explainability, and privacy protection},
  author={Wu, Bingzhe and Li, Jintang and Yu, Junchi and Bian, Yatao and Zhang, Hengtong and Chen, CHaochao and Hou, Chengbin and Fu, Guoji and Chen, Liang and Xu, Tingyang and others},
  journal={arXiv preprint arXiv:2205.10014},
  year={2022}
}

@article{aittokallio2006graph,
  title={Graph-based methods for analysing networks in cell biology},
  author={Aittokallio, Tero and Schwikowski, Benno},
  journal={Briefings in bioinformatics},
  volume={7},
  number={3},
  pages={243--255},
  year={2006},
  publisher={Oxford University Press}
}

@article{topaz2015topological,
  title={Topological data analysis of biological aggregation models},
  author={Topaz, Chad M and Ziegelmeier, Lori and Halverson, Tom},
  journal={PloS one},
  volume={10},
  number={5},
  pages={e0126383},
  year={2015},
  publisher={Public Library of Science San Francisco, CA USA}
}

@article{pavlopoulos2011using,
  title={Using graph theory to analyze biological networks},
  author={Pavlopoulos, Georgios A and Secrier, Maria and Moschopoulos, Charalampos N and Soldatos, Theodoros G and Kossida, Sophia and Aerts, Jan and Schneider, Reinhard and Bagos, Pantelis G},
  journal={BioData mining},
  volume={4},
  pages={1--27},
  year={2011},
  publisher={Springer}
}

@article{brohee2006evaluation,
  title={Evaluation of clustering algorithms for protein-protein interaction networks},
  author={Brohee, Sylvain and Van Helden, Jacques},
  journal={BMC bioinformatics},
  volume={7},
  pages={1--19},
  year={2006},
  publisher={Springer}
}

@article{pinter2005alignment,
  title={Alignment of metabolic pathways},
  author={Pinter, Ron Y and Rokhlenko, Oleg and Yeger-Lotem, Esti and Ziv-Ukelson, Michal},
  journal={Bioinformatics},
  volume={21},
  number={16},
  pages={3401--3408},
  year={2005},
  publisher={Oxford University Press}
}

@article{schlitt2007current,
  title={Current approaches to gene regulatory network modelling},
  author={Schlitt, Thomas and Brazma, Alvis},
  journal={BMC bioinformatics},
  volume={8},
  pages={1--22},
  year={2007},
  publisher={Springer}
}

@article{feng2017drug,
  title={Drug target protein-protein interaction networks: a systematic perspective},
  author={Feng, Yanghe and Wang, Qi and Wang, Tengjiao},
  journal={BioMed research international},
  volume={2017},
  number={1},
  pages={1289259},
  year={2017},
  publisher={Wiley Online Library}
}

@article{potkin2010identifying,
  title={Identifying gene regulatory networks in schizophrenia},
  author={Potkin, Steven G and Macciardi, Fabio and Guffanti, Guia and Fallon, James H and Wang, Qi and Turner, Jessica A and Lakatos, Anita and Miles, Michael F and Lander, Arthur and Vawter, Marquis P and others},
  journal={Neuroimage},
  volume={53},
  number={3},
  pages={839--847},
  year={2010},
  publisher={Elsevier}
}

@article{yi2022graph,
  title={Graph representation learning in bioinformatics: trends, methods and applications},
  author={Yi, Hai-Cheng and You, Zhu-Hong and Huang, De-Shuang and Kwoh, Chee Keong},
  journal={Briefings in Bioinformatics},
  volume={23},
  number={1},
  pages={bbab340},
  year={2022},
  publisher={Oxford University Press}
}

@article{gonzalez2007medicinal,
  title={Medicinal chemistry and bioinformatics-current trends in drugs discovery with networks topological indices},
  author={Gonzalez-Diaz, Humberto and Vilar, Santiago and Santana, Lourdes and Uriarte, Eugenio},
  journal={Current topics in medicinal chemistry},
  volume={7},
  number={10},
  pages={1015--1029},
  year={2007},
  publisher={Bentham Science Publishers}
}

@article{zhang2021graph,
  title={Graph neural networks and their current applications in bioinformatics},
  author={Zhang, Xiao-Meng and Liang, Li and Liu, Lin and Tang, Ming-Jing},
  journal={Frontiers in genetics},
  volume={12},
  pages={690049},
  year={2021},
  publisher={Frontiers Media SA}
}

@article{navlakha2011network,
  title={Network archaeology: uncovering ancient networks from present-day interactions},
  author={Navlakha, Saket and Kingsford, Carl},
  journal={PLoS computational biology},
  volume={7},
  number={4},
  pages={e1001119},
  year={2011},
  publisher={Public Library of Science San Francisco, USA}
}

@article{lu2020deep,
  title={Deep matrix factorization improves prediction of human circRNA-disease associations},
  author={Lu, Chengqian and Zeng, Min and Zhang, Fuhao and Wu, Fang-Xiang and Li, Min and Wang, Jianxin},
  journal={IEEE Journal of Biomedical and Health Informatics},
  volume={25},
  number={3},
  pages={891--899},
  year={2020},
  publisher={IEEE}
}

@article{rao2021imputing,
  title={Imputing single-cell RNA-seq data by combining graph convolution and autoencoder neural networks},
  author={Rao, Jiahua and Zhou, Xiang and Lu, Yutong and Zhao, Huiying and Yang, Yuedong},
  journal={Iscience},
  volume={24},
  number={5},
  year={2021},
  publisher={Elsevier}
}

@article{chereda2021explaining,
  title={Explaining decisions of graph convolutional neural networks: patient-specific molecular subnetworks responsible for metastasis prediction in breast cancer},
  author={Chereda, Hryhorii and Bleckmann, Annalen and Menck, Kerstin and Perera-Bel, J{\'u}lia and Stegmaier, Philip and Auer, Florian and Kramer, Frank and Leha, Andreas and Bei{\ss}barth, Tim},
  journal={Genome medicine},
  volume={13},
  pages={1--16},
  year={2021},
  publisher={Springer}
}

@article{yuan2016druge,
  title={DrugE-Rank: improving drug--target interaction prediction of new candidate drugs or targets by ensemble learning to rank},
  author={Yuan, Qingjun and Gao, Junning and Wu, Dongliang and Zhang, Shihua and Mamitsuka, Hiroshi and Zhu, Shanfeng},
  journal={Bioinformatics},
  volume={32},
  number={12},
  pages={i18--i27},
  year={2016},
  publisher={Oxford University Press}
}

@article{singha2020graphgr,
  title={GraphGR: A graph neural network to predict the effect of pharmacotherapy on the cancer cell growth},
  author={Singha, Manali and Pu, Limeng and Shawky, Abd-El-Monsif and Busch, Konstantin and Wu, Hsiao-Chun and Ramanujam, J and Brylinski, Michal},
  journal={bioRxiv},
  pages={2020--05},
  year={2020},
  publisher={Cold Spring Harbor Laboratory}
}

@article{gopinath2018segmentation,
  title={Segmentation of retinal cysts from optical coherence tomography volumes via selective enhancement},
  author={Gopinath, Karthik and Sivaswamy, Jayanthi},
  journal={IEEE journal of biomedical and health informatics},
  volume={23},
  number={1},
  pages={273--282},
  year={2018},
  publisher={IEEE}
}

@article{gasteiger2019diffusion,
  title={Diffusion improves graph learning},
  author={Gasteiger, Johannes and Wei{\ss}enberger, Stefan and G{\"u}nnemann, Stephan},
  journal={Advances in neural information processing systems},
  volume={32},
  year={2019}
}

@article{li2017diffusion,
  title={Diffusion convolutional recurrent neural network: Data-driven traffic forecasting},
  author={Li, Yaguang and Yu, Rose and Shahabi, Cyrus and Liu, Yan},
  journal={arXiv preprint arXiv:1707.01926},
  year={2017}
}

@inproceedings{zhang2022diffusion,
  title={Diffusion-based graph contrastive learning for recommendation with implicit feedback},
  author={Zhang, Lingzi and Liu, Yong and Zhou, Xin and Miao, Chunyan and Wang, Guoxin and Tang, Haihong},
  booktitle={International Conference on Database Systems for Advanced Applications},
  pages={232--247},
  year={2022},
  organization={Springer}
}

@article{sun2020adaptive,
  title={Adaptive graph diffusion networks},
  author={Sun, Chuxiong and Hu, Jie and Gu, Hongming and Chen, Jinpeng and Yang, Mingchuan},
  journal={arXiv preprint arXiv:2012.15024},
  year={2020}
}

@article{zhao2021adaptive,
  title={Adaptive diffusion in graph neural networks},
  author={Zhao, Jialin and Dong, Yuxiao and Ding, Ming and Kharlamov, Evgeny and Tang, Jie},
  journal={Advances in Neural Information Processing Systems},
  volume={34},
  pages={23321--23333},
  year={2021}
}


@article{long2022pre,
  title={Pre-training graph neural networks for link prediction in biomedical networks},
  author={Long, Yahui and Wu, Min and Liu, Yong and Fang, Yuan and Kwoh, Chee Keong and Chen, Jinmiao and Luo, Jiawei and Li, Xiaoli},
  journal={Bioinformatics},
  volume={38},
  number={8},
  pages={2254--2262},
  year={2022},
  publisher={Oxford University Press}
}

@article{breit2020openbiolink,
  title={OpenBioLink: a benchmarking framework for large-scale biomedical link prediction},
  author={Breit, Anna and Ott, Simon and Agibetov, Asan and Samwald, Matthias},
  journal={Bioinformatics},
  volume={36},
  number={13},
  pages={4097--4098},
  year={2020},
  publisher={Oxford University Press}
}

@article{abbas2021application,
  title={Application of network link prediction in drug discovery},
  author={Abbas, Khushnood and Abbasi, Alireza and Dong, Shi and Niu, Ling and Yu, Laihang and Chen, Bolun and Cai, Shi-Min and Hasan, Qambar},
  journal={Bioinformatics},
  volume={22},
  pages={1--21},
  year={2021},
  publisher={Springer}
}

@article{baek2020learning,
  title={Learning to extrapolate knowledge: Transductive few-shot out-of-graph link prediction},
  author={Baek, Jinheon and Lee, Dong Bok and Hwang, Sung Ju},
  journal={Advances in Neural Information Processing systems},
  volume={33},
  pages={546--560},
  year={2020}
}

@article{fan2021heterogeneous,
  title={Heterogeneous hypergraph variational autoencoder for link prediction},
  author={Fan, Haoyi and Zhang, Fengbin and Wei, Yuxuan and Li, Zuoyong and Zou, Changqing and Gao, Yue and Dai, Qionghai},
  journal={IEEE Transactions on Pattern Analysis and Machine Intelligence},
  volume={44},
  number={8},
  pages={4125--4138},
  year={2021},
  publisher={IEEE}
}

@inproceedings{nichol2021improved,
  title={Improved denoising diffusion probabilistic models},
  author={Nichol, Alexander Quinn and Dhariwal, Prafulla},
  booktitle={International Conference on Machine Learning},
  pages={8162--8171},
  year={2021},
  organization={PMLR}
}

@article{chang2022megnn,
  title={{MeGNN}: Meta-path extracted graph neural network for heterogeneous graph representation learning},
  author={Chang, Yaomin and Chen, Chuan and Hu, Weibo and Zheng, Zibin and Zhou, Xiaocong and Chen, Shouzhi},
  journal={Knowledge-Based Systems},
  volume={235},
  pages={107611},
  year={2022},
  publisher={Elsevier}
}

@article{liang2022meta,
  title={Meta-path-based heterogeneous graph neural networks in academic network},
  author={Liang, Xingxing and Ma, Yang and Cheng, Guangquan and Fan, Changjun and Yang, Yuling and Liu, Zhong},
  journal={International Journal of Machine Learning and Cybernetics},
  pages={1--17},
  year={2022},
  publisher={Springer}
}

@inproceedings{parulekar2023infonce,
  title={Infonce loss provably learns cluster-preserving representations},
  author={Parulekar, Advait and Collins, Liam and Shanmugam, Karthikeyan and Mokhtari, Aryan and Shakkottai, Sanjay},
  booktitle={The Annual Conference on Learning Theory},
  pages={1914--1961},
  year={2023},
  organization={PMLR}
}

@article{hu2021survey,
  title={A survey on computational models for predicting protein--protein interactions},
  author={Hu, Lun and Wang, Xiaojuan and Huang, Yu-An and Hu, Pengwei and You, Zhu-Hong},
  journal={Briefings in Bioinformatics},
  volume={22},
  number={5},
  pages={bbab036},
  year={2021},
  publisher={Oxford University Press}
}

@article{pratapa2020benchmarking,
  title={Benchmarking algorithms for gene regulatory network inference from single-cell transcriptomic data},
  author={Pratapa, Aditya and Jalihal, Amogh P and Law, Jeffrey N and Bharadwaj, Aditya and Murali, TM},
  journal={Nature Methods},
  volume={17},
  number={2},
  pages={147--154},
  year={2020},
  publisher={Nature Publishing Group US New York}
}

@article{baranwal2020deep,
  title={A deep learning architecture for metabolic pathway prediction},
  author={Baranwal, Mayank and Magner, Abram and Elvati, Paolo and Saldinger, Jacob and Violi, Angela and Hero, Alfred O},
  journal={Bioinformatics},
  volume={36},
  number={8},
  pages={2547--2553},
  year={2020},
  publisher={Oxford University Press}
}


@article{gu2022redda,
  title={{REDDA}: Integrating multiple biological relations to heterogeneous graph neural network for drug-disease association prediction},
  author={Gu, Yaowen and Zheng, Si and Yin, Qijin and Jiang, Rui and Li, Jiao},
  journal={Computers in Biology and Medicine},
  volume={150},
  pages={106127},
  year={2022},
  publisher={Elsevier}
}

@article{yan2021beyond,
  title={Beyond triplet loss: person re-identification with fine-grained difference-aware pairwise loss},
  author={Yan, Cheng and Pang, Guansong and Bai, Xiao and Liu, Changhong and Ning, Xin and Gu, Lin and Zhou, Jun},
  journal={IEEE Transactions on Multimedia},
  volume={24},
  pages={1665--1677},
  year={2021},
  publisher={IEEE}
}

@article{chen2020iterative,
  title={Iterative deep graph learning for graph neural networks: Better and robust node embeddings},
  author={Chen, Yu and Wu, Lingfei and Zaki, Mohammed},
  journal={Advances in Neural Information Processing Systems},
  volume={33},
  pages={19314--19326},
  year={2020}
}

@article{jin2021application,
  title={Application of deep learning methods in biological networks},
  author={Jin, Shuting and Zeng, Xiangxiang and Xia, Feng and Huang, Wei and Liu, Xiangrong},
  journal={Briefings in Bioinformatics},
  volume={22},
  number={2},
  pages={1902--1917},
  year={2021},
  publisher={Oxford University Press}
}

@article{bryant2022improved,
  title={Improved prediction of protein-protein interactions using AlphaFold2},
  author={Bryant, Patrick and Pozzati, Gabriele and Elofsson, Arne},
  journal={Nature Communications},
  volume={13},
  number={1},
  pages={1265},
  year={2022},
  publisher={Nature Publishing Group UK London}
}

@article{wang2020identifying,
  title={Identifying gene signatures for cancer drug repositioning based on sample clustering},
  author={Wang, Fei and Ding, Yulian and Lei, Xiujuan and Liao, Bo and Wu, Fang-Xiang},
  journal={IEEE/ACM Transactions on Computational Biology and Bioinformatics},
  volume={19},
  number={2},
  pages={953--965},
  year={2020},
  publisher={IEEE}
}

@article{ansari2012detecting,
  title={Detecting phenotype-specific interactions between biological processes from microarray data and annotations},
  author={Ansari, Nadeem A and Bao, Riyue and Voichi{\c{t}}a, C{\u{a}}lin and Dr{\u{a}}ghici, Sorin},
  journal={IEEE/ACM Transactions on Computational Biology and Bioinformatics},
  volume={9},
  number={5},
  pages={1399--1409},
  year={2012},
  publisher={IEEE}
}

@article{dias2016genome,
  title={Genome-wide semi-automated annotation of transporter systems},
  author={Dias, Oscar and Gomes, Daniel and Vila{\c{c}}a, Paulo and Cardoso, Joao and Rocha, Miguel and Ferreira, Eugenio C and Rocha, Isabel},
  journal={IEEE/ACM Transactions on Computational Biology and Bioinformatics},
  volume={14},
  number={2},
  pages={443--456},
  year={2016},
  publisher={IEEE}
}

@article{luo2018ntshmda,
  title={{NTSHMDA}: prediction of human microbe-disease association based on random walk by integrating network topological similarity},
  author={Luo, Jiawei and Long, Yahui},
  journal={IEEE/ACM Transactions on Computational Biology and Bioinformatics},
  volume={17},
  number={4},
  pages={1341--1351},
  year={2018},
  publisher={IEEE}
}

@article{zhang2019graph,
  title={Graph convolutional networks: a comprehensive review},
  author={Zhang, Si and Tong, Hanghang and Xu, Jiejun and Maciejewski, Ross},
  journal={Computational Social Networks},
  volume={6},
  number={1},
  pages={1--23},
  year={2019},
  publisher={Springer}
}

@article{harrison2023challenges,
  title={Challenges and opportunities in NASH drug development},
  author={Harrison, Stephen A and Allen, Alina M and Dubourg, Julie and Noureddin, Mazen and Alkhouri, Naim},
  journal={Nature Medicine},
  volume={29},
  number={3},
  pages={562--573},
  year={2023},
  publisher={Nature Publishing Group US New York}
}

@article{pun2023ai,
  title={{AI}-powered therapeutic target discovery},
  author={Pun, Frank W and Ozerov, Ivan V and Zhavoronkov, Alex},
  journal={Trends in Pharmacological Sciences},
  year={2023},
  publisher={Elsevier}
}

@article{cerro2023understanding,
  title={Understanding interstitial lung diseases associated with connective tissue disease: genetics, cellular pathophysiology, and biologic drivers},
  author={Cerro Chiang, Giuliana and Parimon, Tanyalak},
  journal={International Journal of Molecular Sciences},
  volume={24},
  number={3},
  pages={2405},
  year={2023},
  publisher={MDPI}
}

@article{sun2011pathsim,
  title={{PathSim}: Meta path-based top-k similarity search in heterogeneous information networks},
  author={Sun, Yizhou and Han, Jiawei and Yan, Xifeng and Yu, Philip S and Wu, Tianyi},
  journal={Proceedings of the VLDB Endowment},
  volume={4},
  number={11},
  pages={992--1003},
  year={2011},
  publisher={VLDB Endowment}
}

@article{zhang2010targeting,
  title={Targeting microRNAs with small molecules: from dream to reality},
  author={Zhang, Shuxing and Chen, Lu and Jung, Eun Jung and Calin, George A},
  journal={Clinical Pharmacology \& Therapeutics},
  volume={87},
  number={6},
  pages={754--758},
  year={2010},
  publisher={Wiley Online Library}
}

@article{zagidullin2021comparative,
  title={Comparative analysis of molecular fingerprints in prediction of drug combination effects},
  author={Zagidullin, Bulat and Wang, Ziyan and Guan, Yuanfang and Pitk{\"a}nen, Esa and Tang, Jing},
  journal={Briefings in Bioinformatics},
  volume={22},
  number={6},
  pages={bbab291},
  year={2021},
  publisher={Oxford University Press}
}

@article{zhou2019deep,
  title={A deep learning-based radiomics model for differentiating benign and malignant renal tumors},
  author={Zhou, Leilei and Zhang, Zuoheng and Chen, Yu-Chen and Zhao, Zhen-Yu and Yin, Xin-Dao and Jiang, Hong-Bing},
  journal={Translational Oncology},
  volume={12},
  number={2},
  pages={292--300},
  year={2019},
  publisher={Elsevier}
}