%%%%%%%%%%%%%%%%%%%%%%%%%%%%%%%%%%%%%%%%%%%%%%%%%%
%
% STRINGS
%
%%%%%%%%%%%%%%%%%%%%%%%%%%%%%%%%%%%%%%%%%%%%%%%%%%%

% IEEE Journals

% @string{ieeetip   = "IEEE Trans. Image Processing"}
% @string{pieee     = "Proceedings of the IEEE"}
% @string{ieeetassp = "IEEE Trans. Acoustics, Speech, and Signal Processing"}
% @string{ieeetsp   = "IEEE Trans. Signal Processing"}
% @string{ieeespl   = "IEEE Signal Processing Letters"}
% @string{ieeespm   = "IEEE Signal Processing Magazine"}
% @string{ieeem     = "IEEE Multimedia"}
% @string{ieeetm    = "IEEE Trans. Multimedia"}
% @string{ieeetmi   = "IEEE Trans. Medical Imaging"}
% @string{ieeetpami = "IEEE Trans. Pattern Analysis and Machine Intelligence"}
% @string{ieeetit   = "IEEE Trans. Information Theory"}
% @string{ieeetra   = "IEEE Trans. Robotics and Automation"}
% @string{ieeetnn   = "IEEE Trans. Neural Networks"}
% @string{ieeetcas  = "IEEE Trans. Circuits and Systems"}
% @string{ieeetcas1 = "IEEE Trans. Circuits and Systems I -- Fundamental Theory and Applications"}
% @string{ieeetcas2 = "IEEE Trans. Circuits and Systems II -- Analog and Digital Signal Processing"}
% @string{ieeetcsvt = "IEEE Trans. Circuits and Systems for Video Tech."}
% @string{ieeetcom  = "IEEE Trans. Communications"}
% @string{ieeecoml  = "IEEE Communication Letters"}
% @string{ieeecomm  = "IEEE Comm. Magazine"}
% @string{ieeejsac  = "IEEE Journal on Selected Areas in Comm."}
% @string{ieeetn    = "IEEE/ACM Trans. Networking"}
% @string{ieeetsmc  = "IEEE Trans. System, Man and Cybernetics"}
% @string{ieeetsmcA = "IEEE Trans. System, Man and Cybernetics, Part A: Systems and Humans"}
% @string{ieeecga   = "IEEE Computer Graphics and Applications"}
% @string{ieeetedu  = "IEEE Trans. Education"}
% @string{ieeetb    = "IEEE Trans. Broadcasting"}
% @string{ieeetkde  = "IEEE Trans. Knowledge and Data Engineering"}

% % Journals

% @String(tip = {IEEE TIP})
% @String(jestcs = {IEEE JESTCS})
% @String(tmm = {IEEE TMM})
% @String(tb = {IEEE TB})
% @String(jstsp = {IEEE JSTSP})
% @String(pami = {IEEE TPAMI})
% @String(ijcv = {IJCV})
% @String(tcsvt = {IEEE TCSVT})
% @String(spm = {IEEE SPM})
% @String(spl = {IEEE SPL})
% @String(tvcg = {IEEE TVCG})

@String(PAMI  = {IEEE Transactions on Pattern Analysis and Machine Intelligence})
@String(IJCV  = {International Journal of Computer Vision})
@String(ICLR  = {International Conference on Learning Representations})
@String(CVPR  = {IEEE Conference on Computer Vision and Pattern Recognition})
@String(WACV  = {IEEE Winter Conference on Applications of Computer Vision})
@String(ICCV  = {IEEE International Conference on Computer Vision})
@String(ECCV  = {European Conference on Computer Vision})
@String(NIPS  = {Neural Information Processing Systems})
@String(BMVC  =	{British Machine Vision Conference})
@String(TOG   = {ACM Transactions on Graphics})
@String(TIP   = {IEEE Transactions on Image Processing})
@String(IJCAI = {International Joint Conference on Artificial Intelligence})
@String(PR = {Pattern Recognition})
@String(AAAI = {AAAI Conference on Artificial Intelligence})
@String(TIE = {IEEE Transactions on Industrial Electronics})
@String(JV  = {Journal of Vision})
@String(icme = {2020 IEEE International Conference on Multimedia and Expo (ICME)})


% @String(tip = {IEEE Transactions on Image Processing})
% @String(jestcs = {IEEE Journal on Emerging and Selected Topics in Circuits and Systems})
% @String(tmm = {IEEE Transactions on Multimedia})
% @String(tb = {IEEE Transactions on Broadcasting})
% @String(jstsp = {IEEE Journal of Selected Topics in Signal Processing})
% @String(pami = {IEEE Transactions on Pattern Analysis and Machine Intelligence})
% @String(ijcv = {International Journal of Computer Vision})
% @String(tcsvt = {IEEE Transactions on Circuits and Systems for Video Technology})
% @String(spm = {IEEE Signal Processing Magazine})
% @String(spl = {IEEE Signal Processing Letters})
% @String(tvcg = {IEEE Transactions on Visualization and Computer Graphics})
% @String(qomex = {International Workshop on Quality of Multimedia Experience})
% @String(icme = {IEEE International Conference on Multimedia and Expo})
% @String(acmmm = {ACM International Conference on Multimedia})
% @String(iccv = {IEEE International Conference on Computer Vision})
% @String(CVPR = {IEEE Conference on Computer Vision and Pattern Recognition})
% @String(icip = {IEEE International Conference on Image Processing})
% @String(eccv = {European Conference on Computer Vision})
% @String(pcs = {PCS})
% @String(mmsp = {MMSP})

% % Conferences
% @String(qomex = {International Workshop on Quality of Multimedia Experience})
% @String(icme = {IEEE International Conference on Multimedia and Expo})
% @String(acmmm = {ACM International Conference on Multimedia})
% @String(iccv = {IEEE International Conference on Computer Vision})
% @String(cvpr = {IEEE Conference on Computer Vision and Pattern Recognition})
% @String(icip = {IEEE International Conference on Image Processing})
% @String(eccv = {European Conference on Computer Vision})

% @String(qomex = {QoMEX})
% @String(icme = {ICME})
% @String(acmmm = {ACM MM})
% @String(iccv = {ICCV})
% @String(cvpr = {CVPR})
% @String(aaai = {AAAI})
% @String(icip = {ICIP})
% @String(eccv = {ECCV})
% @String(pcs = {PCS})
% @String(mmsp = {MMSP})


@article{stefanini2022show,
  title={From show to tell: A survey on deep learning-based image captioning},
  author={Stefanini, Matteo and Cornia, Marcella and Baraldi, Lorenzo and Cascianelli, Silvia and Fiameni, Giuseppe and Cucchiara, Rita},
  journal={IEEE Transactions on Pattern Analysis and Machine Intelligence},
  volume={45},
  number={1},
  pages={539--559},
  year={2022}
}

@inproceedings{liu2021swin,
  title={{Swin Transformer}: Hierarchical vision transformer using shifted windows},
  author={Liu, Ze and Lin, Yutong and Cao, Yue and Hu, Han and Wei, Yixuan and Zhang, Zheng and Lin, Stephen and Guo, Baining},
  booktitle={IEEE Conference on Computer Vision and Pattern Recognition},
  pages={10012--10022},
  year={2021}
}


% SI
@inproceedings{yu2013image,
  title={Image complexity and spatial information},
  author={Yu, Honghai and Winkler, Stefan},
  booktitle={Fifth International Workshop on Quality of Multimedia Experience},
  pages={12--17},
  year={2013},
}

% CF
@inproceedings{hasler2003measuring,
  title={Measuring colorfulness in natural images},
  author={Hasler, David and Suesstrunk, Sabine E},
  booktitle={Human Vision and Electronic Imaging VIII},
  volume={5007},
  pages={87--95},
  year={2003},
}

% intro
@inproceedings{wang2017begin,
  title={Begin with the end in mind: {A} unified end-to-end quality-of-experience monitoring, optimization and management framework},
  author={Wang, Zhou and Rehman, Abdul},
  booktitle={SMPTE Annual Technical Conference and Exhibition},
  pages={1--11},
  year={2017}
}

% S_PSNR
@inproceedings{yu2015framework,
  title={A framework to evaluate omnidirectional video coding schemes},
  author={Yu, Matt and Lakshman, Haricharan and Girod, Bernd},
  booktitle={IEEE International Symposium on Mixed and Augmented Reality},
  pages={31--36},
  year={2015}
}
% WS_PSNR
@article{sun2017weighted,
  title={Weighted-to-spherically-uniform quality evaluation for omnidirectional video},
  author={Sun, Yule and Lu, Ang and Yu, Lu},
  journal={IEEE Signal Processing Letters},
  volume={24},
  number={9},
  pages={1408--1412},
  year={2017}
}
% CPP_PSNR
@inproceedings{zakharchenko2016quality,
  title={Quality metric for spherical panoramic video},
  author={Zakharchenko, Vladyslav and Choi, Kwang Pyo and Park, Jeong Hoon},
  booktitle={Optics and Photonics for Information Processing X},
  volume={9970},
  pages={57--65},
  year={2016}
}

% S-SSIM
@inproceedings{chen2018spherical,
  title={Spherical structural similarity index for objective omnidirectional video quality assessment},
  author={Chen, Sijia and Zhang, Yingxue and Li, Yiming and Chen, Zhenzhong and Wang, Zhou},
  booktitle={IEEE International Conference on Multimedia and Expo},
  pages={1--6},
  year={2018}
}

@article{xu2018assessing,
  title={Assessing visual quality of omnidirectional videos},
  author={Xu, Mai and Li, Chen and Chen, Zhenzhong and Wang, Zulin and Guan, Zhenyu},
  journal={IEEE Transactions on Circuits and Systems for Video Technology},
  volume={29},
  number={12},
  pages={3516--3530},
  year={2018}
}
% MUSIQ
@inproceedings{ke2021musiq,
  title={{MUSIQ}: {Multi-scale} image quality transformer},
  author={Ke, Junjie and Wang, Qifei and Wang, Yilin and Milanfar, Peyman and Yang, Feng},
  booktitle={IEEE International Conference on Computer Vision},
  pages={5148--5157},
  year={2021}
}
% MANIQA
@inproceedings{yang2022maniqa,
  title={{MANIQA}: {Multi-dimension} attention network for no-reference image quality assessment},
  author={Yang, Sidi and Wu, Tianhe and Shi, Shuwei and Lao, Shanshan and Gong, Yuan and Cao, Mingdeng and Wang, Jiahao and Yang, Yujiu},
  booktitle={IEEE Conference on Computer Vision and Pattern Recognition},
  pages={1191--1200},
  year={2022}
}
% LIVE/five-parameter logistic function
@article{sheikh2006statistical,
  title={A statistical evaluation of recent full reference image quality assessment algorithms},
  author={Sheikh, Hamid R and Sabir, Muhammad F and Bovik, Alan C},
  journal={IEEE Transactions on Image Processing},
  volume={15},
  number={11},
  pages={3440--3451},
  year={2006}
}
% KonIQ-10k
@article{hosu2020koniq,
  title={{KonIQ-10k}: {An} ecologically valid database for deep learning of blind image quality assessment},
  author={Hosu, Vlad and Lin, Hanhe and Sziranyi, Tamas and Saupe, Dietmar},
  journal={IEEE Transactions on Image Processing},
  volume={29},
  pages={4041--4056},
  year={2020}
}
% MEON
@article{ma2017end,
  title={End-to-end blind image quality assessment using deep neural networks},
  author={Ma, Kede and Liu, Wentao and Zhang, Kai and Duanmu, Zhengfang and Wang, Zhou and Zuo, Wangmeng},
  journal={IEEE Transactions on Image Processing},
  volume={27},
  number={3},
  pages={1202--1213},
  year={2017}
}
% LIQE
@inproceedings{zhang2023blind,
  title={Blind image quality assessment via vision-language correspondence: {A} multitask learning perspective},
  author={Zhang, Weixia and Zhai, Guangtao and Wei, Ying and Yang, Xiaokang and Ma, Kede},
  booktitle={IEEE Conference on Computer Vision and Pattern Recognition},
  pages={14071--14081},
  year={2023}
}
% multi-stream network
@article{zhou2021omnidirectional,
  title={Omnidirectional image quality assessment by distortion discrimination assisted multi-stream network},
  author={Zhou, Yu and Sun, Yanjing and Li, Leida and Gu, Ke and Fang, Yuming},
  journal={IEEE Transactions on Circuits and Systems for Video Technology},
  volume={32},
  number={4},
  pages={1767--1777},
  year={2021}
}
% DFI
@article{liu2020dynamic,
  title={Dynamic feature integration for simultaneous detection of salient object, edge, and skeleton},
  author={Liu, Jiang-Jiang and Hou, Qibin and Cheng, Ming-Ming},
  journal={IEEE Transactions on Image Processing},
  volume={29},
  pages={8652--8667},
  year={2020}
}


% OIQA databases
% CVIQ
@inproceedings{sun2018large,
  title={A large-scale compressed 360-degree spherical image database: {From} subjective quality evaluation to objective model comparison},
  author={Sun, Wei and Gu, Ke and Ma, Siwei and Zhu, Wenhan and Liu, Ning and Zhai, Guangtao},
  booktitle={IEEE International Workshop on Multimedia Signal Processing},
  pages={1--6},
  year={2018}
}

% OIQA
@inproceedings{duan2018perceptual,
  title={Perceptual quality assessment of omnidirectional images},
  author={Duan, Huiyu and Zhai, Guangtao and Min, Xiongkuo and Zhu, Yucheng and Fang, Yi and Yang, Xiaokang},
  booktitle={IEEE International Symposium on Circuits and Systems},
  pages={1--5},
  year={2018}
}

% LIVE 3D VR IQA 
@article{chen2019study,
  title={Study of {3D} virtual reality picture quality},
  author={Chen, Meixu and Jin, Yize and Goodall, Todd and Yu, Xiangxu and Bovik, Alan Conrad},
  journal={IEEE Journal of Selected Topics in Signal Processing},
  volume={14},
  number={1},
  pages={89--102},
  year={2019}
}
MVAQD
@article{jiang2021cubemap,
  title={Cubemap-based perception-driven blind quality assessment for 360-degree images},
  author={Jiang, Hao and Jiang, Gangyi and Yu, Mei and Zhang, Yun and Yang, You and Peng, Zongju and Chen, Fen and Zhang, Qingbo},
  journal={IEEE Transactions on Image Processing},
  volume={30},
  pages={2364--2377},
  year={2021}
}
% NBU-HOID
@article{cao2021quality,
  title={Quality measurement for high dynamic range omnidirectional image systems},
  author={Cao, Liuyan and Jiang, Gangyi and Jiang, Zhidi and Yu, Mei and Qi, Yubin and Ho, Yo-Sung},
  journal={IEEE Transactions on Instrumentation and Measurement},
  volume={70},
  pages={1--15},
  year={2021}
}
% NBU-SOID
@article{qi2020viewport,
  title={Viewport perception based blind stereoscopic omnidirectional image quality assessment},
  author={Qi, Yubin and Jiang, Gangyi and Yu, Mei and Zhang, Yun and Ho, Yo-Sung},
  journal={IEEE Transactions on Circuits and Systems for Video Technology},
  volume={31},
  number={10},
  pages={3926--3941},
  year={2020}
}
% AOI
@article{xu2021saliency,
  title={Saliency prediction on omnidirectional image with generative adversarial imitation learning},
  author={Xu, Mai and Yang, Li and Tao, Xiaoming and Duan, Yiping and Wang, Zulin},
  journal={IEEE Transactions on Image Processing},
  volume={30},
  pages={2087--2102},
  year={2021}
}
% SPA-net/IQA-ODI
@inproceedings{yang2021spatial,
  title={Spatial attention-based non-reference perceptual quality prediction network for omnidirectional images},
  author={Yang, Li and Xu, Mai and Deng, Xin and Feng, Bo},
  booktitle={IEEE International Conference on Multimedia and Expo},
  pages={1--6},
  year={2021}
}
% JUFE
@inproceedings{fang2022perceptual,
  title={Perceptual quality assessment of omnidirectional images},
  author={Fang, Yuming and Huang, Liping and Yan, Jiebin and Liu, Xuelin and Liu, Yang},
  booktitle={AAAI Conference on Artificial Intelligence},
  volume={36},
  number={1},
  pages={580--588},
  year={2022}
}
% Salient360
@inproceedings{rai2017dataset,
  title={A dataset of head and eye movements for 360 degree images},
  author={Rai, Yashas and Guti{\'e}rrez, Jes{\'u}s and Le Callet, Patrick},
  booktitle={ACM on Multimedia Systems Conference},
  pages={205--210},
  year={2017}
}
% Immersive IQA
@article{huang2018modeling,
  title={Modeling the perceptual quality of immersive images rendered on head mounted displays: Resolution and compression},
  author={Huang, Mingkai and Shen, Qiu and Ma, Zhan and Bovik, Alan Conrad and Gupta, Praful and Zhou, Rongbing and Cao, Xun},
  journal={IEEE Transactions on Image Processing},
  volume={27},
  number={12},
  pages={6039--6050},
  year={2018}
}
%% OIQA
% S-SSIM
@inproceedings{chen2018spherical,
  title={Spherical structural similarity index for objective omnidirectional video quality assessment},
  author={Chen, Sijia and Zhang, Yingxue and Li, Yiming and Chen, Zhenzhong and Wang, Zhou},
  booktitle={IEEE International Conference on Multimedia and Expo},
  pages={1--6},
  year={2018}
}
% WS-SSIM
@inproceedings{zhou2018weighted,
  title={Weighted-to-spherically-uniform SSIM objective quality evaluation for panoramic video},
  author={Zhou, Yufeng and Yu, Mei and Ma, Hualin and Shao, Hua and Jiang, Gangyi},
  booktitle={IEEE International Conference on Signal Processing},
  pages={54--57},
  year={2018}
}

% resnet
@inproceedings{he2016deep,
  title={Deep residual learning for image recognition},
  author={He, Kaiming and Zhang, Xiangyu and Ren, Shaoqing and Sun, Jian},
  booktitle={IEEE Conference on Computer Vision and Pattern Recognition},
  pages={770--778},
  year={2016}
}

% vit
@article{dosovitskiy2020image,
  title={An image is worth 16x16 words: Transformers for image recognition at scale},
  author={Dosovitskiy, Alexey and Beyer, Lucas and Kolesnikov, Alexander and Weissenborn, Dirk and Zhai, Xiaohua and Unterthiner, Thomas and Dehghani, Mostafa and Minderer, Matthias and Heigold, Georg and Gelly, Sylvain and others},
  journal={International Conference on Learning Representations},
  year={2021}
}

% Deep-VR-IQA
@article{kim2019deep,
  title={Deep virtual reality image quality assessment with human perception guider for omnidirectional image},
  author={Kim, Hak Gu and Lim, Heoun-Taek and Ro, Yong Man},
  journal={IEEE Transactions on Circuits and Systems for Video Technology},
  volume={30},
  number={4},
  pages={917--928},
  year={2019}
}
% U-shaped ViT OIQA
@article{zhou2023perception,
  title={Perception-Oriented U-Shaped Transformer Network for 360-Degree No-Reference Image Quality Assessment},
  author={Zhou, Mingliang and Chen, Lei and Wei, Xuekai and Liao, Xingran and Mao, Qin and Wang, Heqiang and Pu, Huayan and Luo, Jun and Xiang, Tao and Fang, Bin},
  journal={IEEE Transactions on Broadcasting},
  year={2023}
}
% MC360IQA
@article{sun2019mc360iqa,
  title={{MC360IQA}: {A} multi-channel CNN for blind 360-degree image quality assessment},
  author={Sun, Wei and Min, Xiongkuo and Zhai, Guangtao and Gu, Ke and Duan, Huiyu and Ma, Siwei},
  journal={IEEE Journal of Selected Topics in Signal Processing},
  volume={14},
  number={1},
  pages={64--77},
  year={2019}
}
% VGCN
@article{xu2020blind,
  title={Blind omnidirectional image quality assessment with viewport oriented graph convolutional networks},
  author={Xu, Jiahua and Zhou, Wei and Chen, Zhibo},
  journal={IEEE Transactions on Circuits and Systems for Video Technology},
  volume={31},
  number={5},
  pages={1724--1737},
  year={2020}
}
% AHGCN
@inproceedings{fu2022adaptive,
  title={Adaptive hypergraph convolutional network for no-reference 360-degree image quality assessment},
  author={Fu, Jun and Hou, Chen and Zhou, Wei and Xu, Jiahua and Chen, Zhibo},
  booktitle={ACM International Conference on Multimedia},
  pages={961--969},
  year={2022}
}
% joint network
@inproceedings{zhang2022no,
  title={No-reference omnidirectional image quality assessment based on joint network},
  author={Zhang, Chaofan and Liu, Shiguang},
  booktitle={ACM International Conference on Multimedia},
  pages={943--951},
  year={2022}
}

% recency effect
@article{hands2001recency,
  title={Recency and duration neglect in subjective assessment of television picture quality},
  author={Hands, David S and Avons, SE},
  journal={Applied Cognitive Psychology: The Official Journal of the Society for Applied Research in Memory and Cognition},
  volume={15},
  number={6},
  pages={639--657},
  year={2001}
}

% Assessor360
@inproceedings{wu2023assessor360,
  title={Assessor360: Multi-sequence Network for Blind Omnidirectional Image Quality Assessment},
  author={Wu, Tianhe and Shi, Shuwei and Cai, Haoming and Cao, Mingdeng and Xiao, Jing and Zheng, Yinqiang and Yang, Yujiu},
  booktitle={Neural Information Processing Systems},
  year={2024}
}
% GSR
@article{sui2023perceptual,
  title={Perceptual Quality Assessment of 360 Images Based on Generative Scanpath Representation},
  author={Sui, Xiangjie and Zhu, Hanwei and Liu, Xuelin and Fang, Yuming and Wang, Shiqi and Wang, Zhou},
  journal={arXiv preprint arXiv:2309.03472},
  year={2023}
}
%% IQC
@inproceedings{yang2021image,
  title={Image quality caption with attentive and recurrent semantic attractor network},
  author={Yang, Wen and Wu, Jinjian and Li, Leida and Dong, Weisheng and Shi, Guangming},
  booktitle={ACM International Conference on Multimedia},
  pages={4501--4509},
  year={2021}
}

@article{yang2022fine,
  title={Fine-Grained Image Quality Caption With Hierarchical Semantics Degradation},
  author={Yang, Wen and Wu, Jinjian and Tian, Shiwei and Li, Leida and Dong, Weisheng and Shi, Guangming},
  journal={IEEE Transactions on Image Processing},
  volume={31},
  pages={3578--3590},
  year={2022}
}
@inproceedings{zhong2023aesthetically,
  title={Aesthetically relevant image captioning},
  author={Zhong, Zhipeng and Zhou, Fei and Qiu, Guoping},
  booktitle={AAAI Conference on Artificial Intelligence},
  volume={37},
  number={3},
  pages={3733--3741},
  year={2023}
}

@inproceedings{chen2022visualgpt,
  title={{VisualGPT}: Data-efficient adaptation of pretrained language models for image captioning},
  author={Chen, Jun and Guo, Han and Yi, Kai and Li, Boyang and Elhoseiny, Mohamed},
  booktitle={IEEE Conference on Computer Vision and Pattern Recognition},
  pages={18030--18040},
  year={2022}
}

% 2D-IQA

%% The proposed OIQ-10K database
% database sample
@article{vonikakis2017probabilistic,
  title={A probabilistic approach to people-centric photo selection and sequencing},
  author={Vonikakis, Vassilios and Subramanian, Ramanathan and Arnfred, Jonas and Winkler, Stefan},
  journal={IEEE Transactions on Multimedia},
  volume={19},
  number={11},
  pages={2609--2624},
  year={2017},
}

% ITU-R BT.500-13
@article{bt2002methodology,
  title={Methodology for the subjective assessment of the quality of television pictures},
  author={BT, RIR},
  journal={International Telecommunication Union},
  volume={4},
  year={2002}
}

% ITU-T Rec. P.919
@article{recommendation2020subjective,
  title={Subjective test methodologies for 360{\textordmasculine} video on head-mounted displays},
  author={Recommendation, ITUT},
  journal={International Telecommunication Union},
  pages={919},
  year={2020}
}

%% NIMA
@article{talebi2018nima,
  title={{NIMA}: Neural image assessment},
  author={Talebi, Hossein and Milanfar, Peyman},
  journal={IEEE transactions on image processing},
  volume={27},
  number={8},
  pages={3998--4011},
  year={2018},
}

}
% FVV
@article{yan2022subjective,
  title={Subjective and objective quality of experience of free viewpoint videos},
  author={Yan, Jiebin and Li, Jing and Fang, Yuming and Che, Zhaohui and Xia, Xue and Liu, Yang},
  journal={IEEE Transactions on Image Processing},
  volume={31},
  pages={3896--3907},
  year={2022}
}
@article{li2019accann,
  title={{AccAnn}: {A} new subjective assessment methodology for measuring acceptability and annoyance of quality of experience},
  author={Li, Jing and Krasula, Luk{\'a}{\v{s}} and Baveye, Yoann and Li, Zhi and Le Callet, Patrick},
  journal={IEEE Transactions on Multimedia},
  volume={21},
  number={10},
  pages={2589--2602},
  year={2019}
}
% ScanDMM
@inproceedings{sui2023scandmm,
  title={{ScanDMM}: {A} Deep Markov Model of Scanpath Prediction for 360° Images},
  author={Sui, Xiangjie and Fang, Yuming and Zhu, Hanwei and Wang, Shiqi and Wang, Zhou},
  booktitle={IEEE Conference on Computer Vision and Pattern Recognition},
  year={2023}
}
% CONTRIQUE
@article{madhusudana2022image,
  title={Image quality assessment using contrastive learning},
  author={Madhusudana, Pavan C and Birkbeck, Neil and Wang, Yilin and Adsumilli, Balu and Bovik, Alan C},
  journal={IEEE Transactions on Image Processing},
  volume={31},
  pages={4149--4161},
  year={2022}
}

@article{vidalmata2020bridging,
  title={Bridging the gap between computational photography and visual recognition},
  author={VidalMata, Rosaura G and Banerjee, Sreya and RichardWebster, Brandon and Albright, Michael and Davalos, Pedro and McCloskey, Scott and Miller, Ben and Tambo, Asong and Ghosh, Sushobhan and Nagesh, Sudarshan and others},
  journal={IEEE Transactions on Pattern Analysis and Machine Intelligence},
  volume={43},
  number={12},
  pages={4272--4290},
  year={2020}
}

@article{fang2021superpixel,
  title={Superpixel-based quality assessment of multi-exposure image fusion for both static and dynamic scenes},
  author={Fang, Yuming and Zeng, Yan and Jiang, Wenhui and Zhu, Hanwei and Yan, Jiebin},
  journal={IEEE Transactions on Image Processing},
  volume={30},
  pages={2526--2537},
  year={2021}
}

@article{ding2021comparison,
  title={Comparison of full-reference image quality models for optimization of image processing systems},
  author={Ding, Keyan and Ma, Kede and Wang, Shiqi and Simoncelli, Eero P},
  journal={International Journal of Computer Vision},
  volume={129},
  pages={1258--1281},
  year={2021}
}


@inproceedings{vinyals2015show,
  title={Show and tell: {A} neural image caption generator},
  author={Vinyals, Oriol and Toshev, Alexander and Bengio, Samy and Erhan, Dumitru},
  booktitle={IEEE Conference on Computer Vision and Pattern Recognition},
  pages={3156--3164},
  year={2015}
}

@article{yan2021exposing,
  title={Exposing semantic segmentation failures via maximum discrepancy competition},
  author={Yan, Jiebin and Zhong, Yu and Fang, Yuming and Wang, Zhangyang and Ma, Kede},
  journal={International Journal of Computer Vision},
  volume={129},
  pages={1768--1786},
  year={2021}
}
% LAU-Net
@inproceedings{deng2021lau,
  title={{Lau-Net}: Latitude adaptive upscaling network for omnidirectional image super-resolution},
  author={Deng, Xin and Wang, Hao and Xu, Mai and Guo, Yichen and Song, Yuhang and Yang, Li},
  booktitle={IEEE Conference on Computer Vision and Pattern Recognition},
  pages={9189--9198},
  year={2021}
}
% V-CNN
@inproceedings{li2019viewport,
  title={Viewport proposal CNN for 360° video quality assessment},
  author={Li, Chen and Xu, Mai and Jiang, Lai and Zhang, Shanyi and Tao, Xiaoming},
  booktitle={IEEE Conference on Computer Vision and Pattern Recognition},
  pages={10169--10178},
  year={2019}
}
% Norm-in-Norm Loss
@inproceedings{li2020norm,
  title={Norm-in-norm loss with faster convergence and better performance for image quality assessment},
  author={Li, Dingquan and Jiang, Tingting and Jiang, Ming},
  booktitle={ACM International Conference on Multimedia},
  pages={789--797},
  year={2020}
}
% ODISE
@inproceedings{xu2023open,
  title={Open-vocabulary panoptic segmentation with text-to-image diffusion models},
  author={Xu, Jiarui and Liu, Sifei and Vahdat, Arash and Byeon, Wonmin and Wang, Xiaolong and De Mello, Shalini},
  booktitle={IEEE Conference on Computer Vision and Pattern Recognition},
  pages={2955--2966},
  year={2023}
}
% SENet
@inproceedings{lee2023revisiting,
  title={{Revisiting self-similarity}: Structural Embedding for Image Retrieval},
  author={Lee, Seongwon and Lee, Suhyeon and Seong, Hongje and Kim, Euntai},
  booktitle={IEEE Conference on Computer Vision and Pattern Recognition},
  pages={23412--23421},
  year={2023}
}
% NAT
@inproceedings{hassani2023neighborhood,
  title={Neighborhood attention transformer},
  author={Hassani, Ali and Walton, Steven and Li, Jiachen and Li, Shen and Shi, Humphrey},
  booktitle={IEEE Conference on Computer Vision and Pattern Recognition},
  pages={6185--6194},
  year={2023}
}
% UNIQUE
@article{zhang2021uncertainty,
  title={Uncertainty-aware blind image quality assessment in the laboratory and wild},
  author={Zhang, Weixia and Ma, Kede and Zhai, Guangtao and Yang, Xiaokang},
  journal={IEEE Transactions on Image Processing},
  volume={30},
  pages={3474--3486},
  year={2021}
}
% Ubernet
@inproceedings{kokkinos2017ubernet,
  title={{UberNet}: Training a universal convolutional neural network for low-, mid-, and high-level vision using diverse datasets and limited memory},
  author={Kokkinos, Iasonas},
  booktitle={IEEE Conference on Computer Vision and Pattern Recognition},
  pages={6129--6138},
  year={2017}
}

@inproceedings{wang2023exploring,
  title={Exploring clip for assessing the look and feel of images},
  author={Wang, Jianyi and Chan, Kelvin CK and Loy, Chen Change},
  booktitle={AAAI Conference on Artificial Intelligence},
  volume={37},
  number={2},
  pages={2555--2563},
  year={2023}
}

@inproceedings{nie2023bmi,
  title={{BMI-Net}: {A} Brain-inspired Multimodal Interaction Network for Image Aesthetic Assessment},
  author={Nie, Xixi and Hu, Bo and Gao, Xinbo and Li, Leida and Zhang, Xiaodan and Xiao, Bin},
  booktitle={ACM International Conference on Multimedia},
  pages={5514--5522},
  year={2023}
}

% SPAQ
@inproceedings{fang2020perceptual,
  title={Perceptual quality assessment of smartphone photography},
  author={Fang, Yuming and Zhu, Hanwei and Zeng, Yan and Ma, Kede and Wang, Zhou},
  booktitle={IEEE Conference on Computer Vision and Pattern Recognition},
  pages={3677--3686},
  year={2020}
}

@article{sui2021perceptual,
  title={Perceptual quality assessment of omnidirectional images as moving camera videos},
  author={Sui, Xiangjie and Ma, Kede and Yao, Yiru and Fang, Yuming},
  journal={IEEE Transactions on Visualization and Computer Graphics},
  volume={28},
  number={8},
  pages={3022--3034},
  year={2021}
}
% ImageNet
@article{russakovsky2015imagenet,
  title={{ImageNet} large scale visual recognition challenge},
  author={Russakovsky, Olga and Deng, Jia and Su, Hao and Krause, Jonathan and Satheesh, Sanjeev and Ma, Sean and Huang, Zhiheng and Karpathy, Andrej and Khosla, Aditya and Bernstein, Michael and others},
  journal={International Journal of Computer Vision},
  volume={115},
  pages={211--252},
  year={2015},
}
% Pytorch
@article{paszke2017automatic,
  title={Automatic differentiation in pytorch},
  author={Paszke, Adam and Gross, Sam and Chintala, Soumith and Chanan, Gregory and Yang, Edward and DeVito, Zachary and Lin, Zeming and Desmaison, Alban and Antiga, Luca and Lerer, Adam},
  year={2017}
}
% Adam
@inproceedings{kingma2014adam,
  title={Adam: A method for stochastic optimization},
  author={Kingma, Diederik P and Ba, Jimmy},
  booktitle={International Conference on Learning Representations},
  year={2015}
}
% MTAN/adaptive weight
@inproceedings{liu2019end,
  title={End-to-end multi-task learning with attention},
  author={Liu, Shikun and Johns, Edward and Davison, Andrew J},
  booktitle={IEEE Conference on Computer Vision and Pattern Recognition},
  pages={1871--1880},
  year={2019}
}
% NIQE
@article{mittal2012making,
  title={Making a “completely blind” image quality analyzer},
  author={Mittal, Anish and Soundararajan, Rajiv and Bovik, Alan C},
  journal={IEEE Signal Processing Letters},
  volume={20},
  number={3},
  pages={209--212},
  year={2012}
}
% PaQ2PiQ
@inproceedings{ying2020patches,
  title={From patches to pictures ({PaQ-2-PiQ}): Mapping the perceptual space of picture quality},
  author={Ying, Zhenqiang and Niu, Haoran and Gupta, Praful and Mahajan, Dhruv and Ghadiyaram, Deepti and Bovik, Alan},
  booktitle={IEEE Conference on Computer Vision and Pattern Recognition},
  pages={3575--3585},
  year={2020}
}
% DBCNN
@article{zhang2020blind,
title={Blind Image Quality Assessment Using A Deep Bilinear Convolutional Neural Network},
author={Zhang, Weixia and Ma, Kede and Yan, Jia and Deng, Dexiang and Wang, Zhou},
journal={IEEE Transactions on Circuits and Systems for Video Technology},
volume={30},
number={1},
pages={36--47},
year={2020}
}
% HyperIQA
@inproceedings{su2020blindly,
  title={Blindly assess image quality in the wild guided by a self-adaptive hyper network},
  author={Su, Shaolin and Yan, Qingsen and Zhu, Yu and Zhang, Cheng and Ge, Xin and Sun, Jinqiu and Zhang, Yanning},
  booktitle={IEEE Conference on Computer Vision and Pattern Recognition},
  pages={3667--3676},
  year={2020}
}
% TreS
@inproceedings{golestaneh2022no,
  title={No-reference image quality assessment via transformers, relative ranking, and self-consistency},
  author={Golestaneh, S Alireza and Dadsetan, Saba and Kitani, Kris M},
  booktitle={IEEE Winter Conference on Applications of Computer Vision},
  pages={1220--1230},
  year={2022}
}

@article{chai2021monocular,
  title={Monocular and binocular interactions oriented deformable convolutional networks for blind quality assessment of stereoscopic omnidirectional images},
  author={Chai, Xiongli and Shao, Feng and Jiang, Qiuping and Meng, Xiangchao and Ho, Yo-Sung},
  journal={IEEE Transactions on Circuits and Systems for Video Technology},
  volume={32},
  number={6},
  pages={3407--3421},
  year={2021}
}

@inproceedings{yang2022tvformer,
  title={{TVFormer}: {Trajectory}-guided visual quality assessment on 360° images with transformers},
  author={Yang, Li and Xu, Mai and Liu, Tie and Huo, Liangyu and Gao, Xinbo},
  booktitle={ACM International Conference on Multimedia},
  pages={799--808},
  year={2022}
}
% prior equator bias
@inproceedings{djilali2021simple,
  title={Simple baselines can fool 360deg saliency metrics},
  author={Djilali, Yasser Abdelaziz Dahou and McGuinness, Kevin and O'Connor, Noel E},
  booktitle={IEEE International Conference on Computer Vision},
  pages={3750--3756},
  year={2021}
}
% attention
@inproceedings{vaswani2017attention,
  title={Attention is all you need},
  author={Vaswani, Ashish and Shazeer, Noam and Parmar, Niki and Uszkoreit, Jakob and Jones, Llion and Gomez, Aidan N and Kaiser, {\L}ukasz and Polosukhin, Illia},
  booktitle={Neural Information Processing Systems},
  volume={30},
  year={2017}
}
% BAID/SAAN
@inproceedings{yi2023towards,
  title={Towards artistic image aesthetics assessment: a large-scale dataset and a new method},
  author={Yi, Ran and Tian, Haoyuan and Gu, Zhihao and Lai, Yu-Kun and Rosin, Paul L},
  booktitle={IEEE Conference on Computer Vision and Pattern Recognition},
  pages={22388--22397},
  year={2023}
}
% VCRNet
@article{pan2022vcrnet,
  title={{VCRNet}: {Visual} compensation restoration network for no-reference image quality assessment},
  author={Pan, Zhaoqing and Yuan, Feng and Lei, Jianjun and Fang, Yuming and Shao, Xiao and Kwong, Sam},
  journal={IEEE Transactions on Image Processing},
  volume={31},
  pages={1613--1627},
  year={2022},
}

% SSIM
@article{wang2004image,
  title={Image quality assessment: {From} error visibility to structural similarity},
  author={Wang, Zhou and Bovik, Alan C and Sheikh, Hamid R and Simoncelli, Eero P},
  journal={IEEE Transactions on Image Processing},
  volume={13},
  number={4},
  pages={600--612},
  year={2004}
}
% FAST-VQA
@inproceedings{wu2022fast,
  title={{FAST-VQA}: Efficient end-to-end video quality assessment with fragment sampling},
  author={Wu, Haoning and Chen, Chaofeng and Hou, Jingwen and Liao, Liang and Wang, Annan and Sun, Wenxiu and Yan, Qiong and Lin, Weisi},
  booktitle={European Conference on Computer Vision},
  pages={538--554},
  year={2022},
}
% CLIP
@inproceedings{radford2021learning,
  title={Learning transferable visual models from natural language supervision},
  author={Radford, Alec and Kim, Jong Wook and Hallacy, Chris and Ramesh, Aditya and Goh, Gabriel and Agarwal, Sandhini and Sastry, Girish and Askell, Amanda and Mishkin, Pamela and Clark, Jack and others},
  booktitle={International Conference on Machine Learning},
  pages={8748--8763},
  year={2021}
}
% SAM
@article{kirillov2023segment,
  title={Segment anything},
  author={Kirillov, Alexander and Mintun, Eric and Ravi, Nikhila and Mao, Hanzi and Rolland, Chloe and Gustafson, Laura and Xiao, Tete and Whitehead, Spencer and Berg, Alexander C and Lo, Wan-Yen and others},
  journal={arXiv preprint arXiv:2304.02643},
  year={2023}
}
@article{bai2023sequential,
  title={Sequential modeling enables scalable learning for large vision models},
  author={Bai, Yutong and Geng, Xinyang and Mangalam, Karttikeya and Bar, Amir and Yuille, Alan and Darrell, Trevor and Malik, Jitendra and Efros, Alexei A},
  journal={arXiv preprint arXiv:2312.00785},
  year={2023}
}