@article{cao2021quality,
  title={Quality measurement for high dynamic range omnidirectional image systems},
  author={Cao, Liuyan and Jiang, Gangyi and Jiang, Zhidi and Yu, Mei and Qi, Yubin and Ho, Yo-Sung},
  journal={IEEE Transactions on Instrumentation and Measurement},
  volume={70},
  pages={1--15},
  year={2021}
}

@article{chai2021monocular,
  title={Monocular and binocular interactions oriented deformable convolutional networks for blind quality assessment of stereoscopic omnidirectional images},
  author={Chai, Xiongli and Shao, Feng and Jiang, Qiuping and Meng, Xiangchao and Ho, Yo-Sung},
  journal={IEEE Transactions on Circuits and Systems for Video Technology},
  volume={32},
  number={6},
  pages={3407--3421},
  year={2021}
}

@article{chen2019study,
  title={Study of {3D} virtual reality picture quality},
  author={Chen, Meixu and Jin, Yize and Goodall, Todd and Yu, Xiangxu and Bovik, Alan Conrad},
  journal={IEEE Journal of Selected Topics in Signal Processing},
  volume={14},
  number={1},
  pages={89--102},
  year={2019}
}

@inproceedings{duan2018perceptual,
  title={Perceptual quality assessment of omnidirectional images},
  author={Duan, Huiyu and Zhai, Guangtao and Min, Xiongkuo and Zhu, Yucheng and Fang, Yi and Yang, Xiaokang},
  booktitle={IEEE International Symposium on Circuits and Systems},
  pages={1--5},
  year={2018}
}

@inproceedings{fang2022perceptual,
  title={Perceptual quality assessment of omnidirectional images},
  author={Fang, Yuming and Huang, Liping and Yan, Jiebin and Liu, Xuelin and Liu, Yang},
  booktitle={AAAI Conference on Artificial Intelligence},
  volume={36},
  number={1},
  pages={580--588},
  year={2022}
}

@inproceedings{fu2022adaptive,
  title={Adaptive hypergraph convolutional network for no-reference 360-degree image quality assessment},
  author={Fu, Jun and Hou, Chen and Zhou, Wei and Xu, Jiahua and Chen, Zhibo},
  booktitle={ACM International Conference on Multimedia},
  pages={961--969},
  year={2022}
}

@article{jiang2021cubemap,
  title={Cubemap-based perception-driven blind quality assessment for 360-degree images},
  author={Jiang, Hao and Jiang, Gangyi and Yu, Mei and Zhang, Yun and Yang, You and Peng, Zongju and Chen, Fen and Zhang, Qingbo},
  journal={IEEE Transactions on Image Processing},
  volume={30},
  pages={2364--2377},
  year={2021}
}

@article{kim2019deep,
  title={Deep virtual reality image quality assessment with human perception guider for omnidirectional image},
  author={Kim, Hak Gu and Lim, Heoun-Taek and Ro, Yong Man},
  journal={IEEE Transactions on Circuits and Systems for Video Technology},
  volume={30},
  number={4},
  pages={917--928},
  year={2019}
}

@inproceedings{nie2023bmi,
  title={{BMI-Net}: {A} Brain-inspired Multimodal Interaction Network for Image Aesthetic Assessment},
  author={Nie, Xixi and Hu, Bo and Gao, Xinbo and Li, Leida and Zhang, Xiaodan and Xiao, Bin},
  booktitle={ACM International Conference on Multimedia},
  pages={5514--5522},
  year={2023}
}

@article{qi2020viewport,
  title={Viewport perception based blind stereoscopic omnidirectional image quality assessment},
  author={Qi, Yubin and Jiang, Gangyi and Yu, Mei and Zhang, Yun and Ho, Yo-Sung},
  journal={IEEE Transactions on Circuits and Systems for Video Technology},
  volume={31},
  number={10},
  pages={3926--3941},
  year={2020}
}

@article{sui2021perceptual,
  title={Perceptual quality assessment of omnidirectional images as moving camera videos},
  author={Sui, Xiangjie and Ma, Kede and Yao, Yiru and Fang, Yuming},
  journal={IEEE Transactions on Visualization and Computer Graphics},
  volume={28},
  number={8},
  pages={3022--3034},
  year={2021}
}

@article{sun2017weighted,
  title={Weighted-to-spherically-uniform quality evaluation for omnidirectional video},
  author={Sun, Yule and Lu, Ang and Yu, Lu},
  journal={IEEE Signal Processing Letters},
  volume={24},
  number={9},
  pages={1408--1412},
  year={2017}
}

@inproceedings{sun2018large,
  title={A large-scale compressed 360-degree spherical image database: {From} subjective quality evaluation to objective model comparison},
  author={Sun, Wei and Gu, Ke and Ma, Siwei and Zhu, Wenhan and Liu, Ning and Zhai, Guangtao},
  booktitle={IEEE International Workshop on Multimedia Signal Processing},
  pages={1--6},
  year={2018}
}

@article{sun2019mc360iqa,
  title={{MC360IQA}: {A} multi-channel CNN for blind 360-degree image quality assessment},
  author={Sun, Wei and Min, Xiongkuo and Zhai, Guangtao and Gu, Ke and Duan, Huiyu and Ma, Siwei},
  journal={IEEE Journal of Selected Topics in Signal Processing},
  volume={14},
  number={1},
  pages={64--77},
  year={2019}
}

@inproceedings{vinyals2015show,
  title={Show and tell: {A} neural image caption generator},
  author={Vinyals, Oriol and Toshev, Alexander and Bengio, Samy and Erhan, Dumitru},
  booktitle={IEEE Conference on Computer Vision and Pattern Recognition},
  pages={3156--3164},
  year={2015}
}

@inproceedings{wu2023assessor360,
  title={Assessor360: Multi-sequence Network for Blind Omnidirectional Image Quality Assessment},
  author={Wu, Tianhe and Shi, Shuwei and Cai, Haoming and Cao, Mingdeng and Xiao, Jing and Zheng, Yinqiang and Yang, Yujiu},
  booktitle={Neural Information Processing Systems},
  year={2024}
}

@article{xu2020blind,
  title={Blind omnidirectional image quality assessment with viewport oriented graph convolutional networks},
  author={Xu, Jiahua and Zhou, Wei and Chen, Zhibo},
  journal={IEEE Transactions on Circuits and Systems for Video Technology},
  volume={31},
  number={5},
  pages={1724--1737},
  year={2020}
}

@article{yan2021exposing,
  title={Exposing semantic segmentation failures via maximum discrepancy competition},
  author={Yan, Jiebin and Zhong, Yu and Fang, Yuming and Wang, Zhangyang and Ma, Kede},
  journal={International Journal of Computer Vision},
  volume={129},
  pages={1768--1786},
  year={2021}
}

@article{yan2022subjective,
  title={Subjective and objective quality of experience of free viewpoint videos},
  author={Yan, Jiebin and Li, Jing and Fang, Yuming and Che, Zhaohui and Xia, Xue and Liu, Yang},
  journal={IEEE Transactions on Image Processing},
  volume={31},
  pages={3896--3907},
  year={2022}
}

@inproceedings{yang2021image,
  title={Image quality caption with attentive and recurrent semantic attractor network},
  author={Yang, Wen and Wu, Jinjian and Li, Leida and Dong, Weisheng and Shi, Guangming},
  booktitle={ACM International Conference on Multimedia},
  pages={4501--4509},
  year={2021}
}

@inproceedings{yang2021spatial,
  title={Spatial attention-based non-reference perceptual quality prediction network for omnidirectional images},
  author={Yang, Li and Xu, Mai and Deng, Xin and Feng, Bo},
  booktitle={IEEE International Conference on Multimedia and Expo},
  pages={1--6},
  year={2021}
}

@article{yang2022fine,
  title={Fine-Grained Image Quality Caption With Hierarchical Semantics Degradation},
  author={Yang, Wen and Wu, Jinjian and Tian, Shiwei and Li, Leida and Dong, Weisheng and Shi, Guangming},
  journal={IEEE Transactions on Image Processing},
  volume={31},
  pages={3578--3590},
  year={2022}
}

@inproceedings{yang2022tvformer,
  title={{TVFormer}: {Trajectory}-guided visual quality assessment on 360Â° images with transformers},
  author={Yang, Li and Xu, Mai and Liu, Tie and Huo, Liangyu and Gao, Xinbo},
  booktitle={ACM International Conference on Multimedia},
  pages={799--808},
  year={2022}
}

@inproceedings{yu2015framework,
  title={A framework to evaluate omnidirectional video coding schemes},
  author={Yu, Matt and Lakshman, Haricharan and Girod, Bernd},
  booktitle={IEEE International Symposium on Mixed and Augmented Reality},
  pages={31--36},
  year={2015}
}

@inproceedings{zakharchenko2016quality,
  title={Quality metric for spherical panoramic video},
  author={Zakharchenko, Vladyslav and Choi, Kwang Pyo and Park, Jeong Hoon},
  booktitle={Optics and Photonics for Information Processing X},
  volume={9970},
  pages={57--65},
  year={2016}
}

@article{zhang2021uncertainty,
  title={Uncertainty-aware blind image quality assessment in the laboratory and wild},
  author={Zhang, Weixia and Ma, Kede and Zhai, Guangtao and Yang, Xiaokang},
  journal={IEEE Transactions on Image Processing},
  volume={30},
  pages={3474--3486},
  year={2021}
}

@inproceedings{zhang2023blind,
  title={Blind image quality assessment via vision-language correspondence: {A} multitask learning perspective},
  author={Zhang, Weixia and Zhai, Guangtao and Wei, Ying and Yang, Xiaokang and Ma, Kede},
  booktitle={IEEE Conference on Computer Vision and Pattern Recognition},
  pages={14071--14081},
  year={2023}
}

@inproceedings{zhong2023aesthetically,
  title={Aesthetically relevant image captioning},
  author={Zhong, Zhipeng and Zhou, Fei and Qiu, Guoping},
  booktitle={AAAI Conference on Artificial Intelligence},
  volume={37},
  number={3},
  pages={3733--3741},
  year={2023}
}

@inproceedings{zhou2018weighted,
  title={Weighted-to-spherically-uniform SSIM objective quality evaluation for panoramic video},
  author={Zhou, Yufeng and Yu, Mei and Ma, Hualin and Shao, Hua and Jiang, Gangyi},
  booktitle={IEEE International Conference on Signal Processing},
  pages={54--57},
  year={2018}
}

