@article{vaswani2017attention,
	title        = {Attention is All you Need},
	author       = {Vaswani, Ashish and Shazeer, Noam and Parmar, Niki and Uszkoreit, Jakob and Jones, Llion and Gomez, Aidan N and Kaiser, {\L}ukasz and Polosukhin, Illia},
	year         = 2017,
	journal      = {Advances in Neural Information Processing Systems},
	volume       = 30,
	pages        = {5998--6008}
}
@article{dosovitskiy2020image,
	title        = {An image is worth 16x16 words: Transformers for image recognition at scale},
	author       = {Dosovitskiy, Alexey and Beyer, Lucas and Kolesnikov, Alexander and Weissenborn, Dirk and Zhai, Xiaohua and Unterthiner, Thomas and Dehghani, Mostafa and Minderer, Matthias and Heigold, Georg and Gelly, Sylvain and others},
	year         = 2020,
	journal      = {arXiv preprint arXiv:2010.11929}
}
@inproceedings{touvron2021training,
  title={Training data-efficient image transformers \& distillation through attention},
  author={Touvron, Hugo and Cord, Matthieu and Douze, Matthijs and Massa, Francisco and Sablayrolles, Alexandre and J{\'e}gou, Herv{\'e}},
  booktitle={International conference on machine learning},
  pages={10347--10357},
  year={2021},
  organization={PMLR}
}
@inproceedings{liu2021swin,
  title={Swin transformer: Hierarchical vision transformer using shifted windows},
  author={Liu, Ze and Lin, Yutong and Cao, Yue and Hu, Han and Wei, Yixuan and Zhang, Zheng and Lin, Stephen and Guo, Baining},
  booktitle={Proceedings of the IEEE/CVF international conference on computer vision},
  pages={10012--10022},
  year={2021}
}
@article{hassani2021escaping,
  title={Escaping the big data paradigm with compact transformers},
  author={Hassani, Ali and Walton, Steven and Shah, Nikhil and Abuduweili, Abulikemu and Li, Jiachen and Shi, Humphrey},
  journal={arXiv preprint arXiv:2104.05704},
  year={2021}
}
@inproceedings{wu2021cvt,
  title={Cvt: Introducing convolutions to vision transformers},
  author={Wu, Haiping and Xiao, Bin and Codella, Noel and Liu, Mengchen and Dai, Xiyang and Yuan, Lu and Zhang, Lei},
  booktitle={Proceedings of the IEEE/CVF international conference on computer vision},
  pages={22--31},
  year={2021}
}
@inproceedings{yuan2021incorporating,
  title={Incorporating convolution designs into visual transformers},
  author={Yuan, Kun and Guo, Shaopeng and Liu, Ziwei and Zhou, Aojun and Yu, Fengwei and Wu, Wei},
  booktitle={Proceedings of the IEEE/CVF international conference on computer vision},
  pages={579--588},
  year={2021}
}
@article{begaint2020compressai,
	title={CompressAI: a PyTorch library and evaluation platform for end-to-end compression research},
	author={B{\'e}gaint, Jean and Racap{\'e}, Fabien and Feltman, Simon and Pushparaja, Akshay},
	year={2020},
	journal={arXiv preprint arXiv:2011.03029},
}
@article{balle2018variational,
  title={Variational image compression with a scale hyperprior},
  author={Ball{\'e}, Johannes and Minnen, David and Singh, Saurabh and Hwang, Sung Jin and Johnston, Nick},
  journal={arXiv preprint arXiv:1802.01436},
  year={2018}
}
@article{minnen2018joint,
  title={Joint autoregressive and hierarchical priors for learned image compression},
  author={Minnen, David and Ball{\'e}, Johannes and Toderici, George D},
  journal={Advances in neural information processing systems},
  volume={31},
  year={2018}
}
@inproceedings{cheng2020learned,
  title={Learned image compression with discretized gaussian mixture likelihoods and attention modules},
  author={Cheng, Zhengxue and Sun, Heming and Takeuchi, Masaru and Katto, Jiro},
  booktitle={Proceedings of the IEEE/CVF conference on computer vision and pattern recognition},
  pages={7939--7948},
  year={2020}
}
@article{devlin2018bert,
  title={Bert: Pre-training of deep bidirectional transformers for language understanding},
  author={Devlin, Jacob and Chang, Ming-Wei and Lee, Kenton and Toutanova, Kristina},
  journal={arXiv preprint arXiv:1810.04805},
  year={2018}
}
@inproceedings{he2016deep,
  title={Deep residual learning for image recognition},
  author={He, Kaiming and Zhang, Xiangyu and Ren, Shaoqing and Sun, Jian},
  booktitle={Proceedings of the IEEE conference on computer vision and pattern recognition},
  pages={770--778},
  year={2016}
}
@article{krizhevsky2017imagenet,
  title={ImageNet classification with deep convolutional neural networks},
  author={Krizhevsky, Alex and Sutskever, Ilya and Hinton, Geoffrey E},
  journal={Communications of the ACM},
  volume={60},
  number={6},
  pages={84--90},
  year={2017},
  publisher={AcM New York, NY, USA}
}
@article{lecun1989backpropagation,
  title={Backpropagation applied to handwritten zip code recognition},
  author={LeCun, Yann and Boser, Bernhard and Denker, John S and Henderson, Donnie and Howard, Richard E and Hubbard, Wayne and Jackel, Lawrence D},
  journal={Neural computation},
  volume={1},
  number={4},
  pages={541--551},
  year={1989},
  publisher={MIT Press}
}
@article{faster2015towards,
  title={Towards real-time object detection with region proposal networks},
  author={Faster, RCNN},
  journal={Advances in neural information processing systems},
  volume={9199},
  number={10.5555},
  pages={2969239--2969250},
  year={2015}
}
@inproceedings{long2015fully,
  title={Fully convolutional networks for semantic segmentation},
  author={Long, Jonathan and Shelhamer, Evan and Darrell, Trevor},
  booktitle={Proceedings of the IEEE conference on computer vision and pattern recognition},
  pages={3431--3440},
  year={2015}
}
@misc{animals10,
	title = {Animals-10},
  booktitle={Kaggle},
	url = {https://www.kaggle.com/datasets/alessiocorrado99/animals10/data},
	author = {Corrado Alessio},
  year={2020}
}
@article{han2021transformer,
  title={Transformer in transformer},
  author={Han, Kai and Xiao, An and Wu, Enhua and Guo, Jianyuan and Xu, Chunjing and Wang, Yunhe},
  journal={Advances in neural information processing systems},
  volume={34},
  pages={15908--15919},
  year={2021}
}
@inproceedings{2021Tokens,
  title={Tokens-to-token vit: Training vision transformers from scratch on imagenet},
  author={Yuan, Li and Chen, Yunpeng and Wang, Tao and Yu, Weihao and Shi, Yujun and Jiang, Zi-Hang and Tay, Francis EH and Feng, Jiashi and Yan, Shuicheng},
  booktitle={Proceedings of the IEEE/CVF international conference on computer vision},
  pages={558--567},
  year={2021}
}
@article{2021Conditional,
  title={Conditional positional encodings for vision transformers},
  author={Chu, Xiangxiang and Tian, Zhi and Zhang, Bo and Wang, Xinlong and Shen, Chunhua},
  journal={arXiv preprint arXiv:2102.10882},
  year={2021}
}
@article{andrew2017efficient,
  title={Efficient convolutional neural networks for mobile vision applications},
  author={Andrew, G and Menglong, Zhu and others},
  journal={Mobilenets},
  volume={10},
  pages={151},
  year={2017}
}