@article{Culoch2007,
title = {Optimal VWAP Trading Strategy and Relative Volume},
author = {McCulloch, James and Kazakov, Vladimir},
year = {2007},
institution = {Quantitative Finance Research Centre, University of Technology, Sydney},
type = {Research Paper Series},
number = {201},
url = {https://EconPapers.repec.org/RePEc:uts:rpaper:201}
}

@article{Culoch2012,
title = {Mean Variance Optimal VWAP Trading},
author = {McCulloch, James and Kazakov, Vladimir},
year = {2012},
month={April},
url = {https://ssrn.com/abstract=1803858}
}

@article{Easley1987,
title = {Price, trade size, and information in securities markets},
author = {Easley, David and O'Hara, Maureen},
year = {1987},
journal = {Journal of Financial Economics},
volume = {19},
number = {1},
pages = {69-90},
url = {https://EconPapers.repec.org/RePEc:eee:jfinec:v:19:y:1987:i:1:p:69-90}
}

@article{Foster,
author = {Viswanathan, Sathish and Foster, F.},
year = {1990},
month = {02},
pages = {593-624},
title = {A Theory of the Interday Variations in Volume, Variance, and Trading Costs in Securities Markets},
volume = {3},
journal = {Review of Financial Studies},
doi = {10.1093/rfs/3.4.593}
}

@Article{Gourieroux,
  author={Gourieroux, Christian and Jasiak, Joanna and Le Fol, Gaelle},
  title={{Intra-day market activity}},
  journal={Journal of Financial Markets},
  year=1999,
  volume={2},
  number={3},
  pages={193-226},
  month={August},
}

@article{Gueant,
  title={VWAP Execution and Guaranteed VWAP},
  author={Olivier Gu{\'e}ant and Guillaume Royer},
  journal={SIAM J. Financial Math.},
  year={2014},
  volume={5},
  pages={445-471}
}

@article{Humphery,
  author={Humphery-Jenner, Mark L.},
  title={{Optimal VWAP trading under noisy conditions}},
  journal={Journal of Banking \& Finance},
  year=2011,
  volume={35},
  number={9},
  pages={2319-2329},
  month={September},
  keywords={ VWAP strategies Algorithmic trading Intra-day volume},
  doi={},
}

@ARTICLE{Karpoff1987,
title = {The Relation between Price Changes and Trading Volume: A Survey},
author = {Karpoff, Jonathan},
year = {1987},
journal = {Journal of Financial and Quantitative Analysis},
volume = {22},
number = {1},
pages = {109-126},
}

@article{Konishi,
title = {Optimal slice of a VWAP trade},
author = {Konishi, Hizuru},
year = {2002},
journal = {Journal of Financial Markets},
volume = {5},
number = {2},
pages = {197-221},
url = {https://EconPapers.repec.org/RePEc:eee:finmar:v:5:y:2002:i:2:p:197-221}
}

@article{LeFol2006,
  TITLE = {{Improving VWAP strategies: A dynamic volume approach}},
  AUTHOR = {Bialkowski, Jedrzej and Darolles, Serge and Le Fol, Ga{\"e}lle},
  URL = {https://halshs.archives-ouvertes.fr/halshs-00676946},
  JOURNAL = {{Journal of Banking and Finance}},
  PUBLISHER = {{Elsevier}},
  VOLUME = {32},
  PAGES = {1709-1722},
  YEAR = {2008},
  HAL_ID = {halshs-00676946},
  HAL_VERSION = {v1},
}

@article{LeFol2012,
  TITLE = {{Reducing the risk of VWAP orders execution - A new approach to modeling intra-day volume}},
  AUTHOR = {Bialkowski, Jedrzej and Darolles, Serge and Le Fol, Ga{\"e}lle},
  URL = {https://hal.archives-ouvertes.fr/hal-01632822},
  JOURNAL = {{JASSA}},
  NUMBER = {1},
  YEAR = {2012},
  PDF = {https://hal.archives-ouvertes.fr/hal-01632822/file/reducing-the-risk-of-vwap-orders-execution-a-new-approach-to-modelling-intra-day-volume.pdf},
  HAL_ID = {hal-01632822},
  HAL_VERSION = {v1},
}

@ARTICLE{Tauchen1983,
title = {The Price Variability-Volume Relationship on Speculative Markets},
author = {Tauchen, George and Pitts, Mark},
year = {1983},
journal = {Econometrica},
volume = {51},
number = {2},
pages = {485-505},
url = {https://EconPapers.repec.org/RePEc:ecm:emetrp:v:51:y:1983:i:2:p:485-505}
}

@article{Tianhui,
author = {Carmona, Rene and Li, Tianhui},
year = {2013},
title = {Dynamic Programming and Trade Execution},
PUBLISHER={Princeton, NJ : Princeton University},
URL = {	http://arks.princeton.edu/ark:/88435/dsp01w0892b00k}
}

@article{bouchard,
  TITLE = {{Generalized stochastic target problems for pricing and partial hedging under loss constraints - Application in optimal book liquidation}},
  AUTHOR = {Bouchard, Bruno and Dang, Ngoc Minh},
  URL = {https://hal.archives-ouvertes.fr/hal-00508291},
  JOURNAL = {{Finance and Stochastics}},
  PUBLISHER = {{Springer Verlag (Germany)}},
  VOLUME = {17},
  NUMBER = {1},
  PAGES = {31-72},
  YEAR = {2013},
  MONTH = Jan,
  KEYWORDS = {Book liquidation ; Stochastic target problems ; State constraints ; Pricing under risk constraint ; Book liquidation.},
  PDF = {https://hal.archives-ouvertes.fr/hal-00508291/file/BD10.pdf},
  HAL_ID = {hal-00508291},
  HAL_VERSION = {v1},
}

@article{frei,
author = {Frei, Christoph and Westray, Nicholas},
year = {2013},
month = {10},
pages = {},
title = {Optimal execution of a vwap order: A stochastic control approach},
volume = {25},
journal = {Mathematical Finance},
doi = {10.1111/mafi.12048}
}

@article{kim2023adaptive,
  title={An Adaptive Dual-level Reinforcement Learning Approach for Optimal Trade Execution},
  author={Kim, Soohan and Kim, Jimyeong and Sul, Hong Kee and Hong, Youngjoon},
  journal={arXiv preprint arXiv:2307.10649},
  year={2023}
}

@article{li2022hierarchical,
  title={Hierarchical Deep Reinforcement Learning for VWAP Strategy Optimization},
  author={Li, Xiaodong and Wu, Pangjing and Zou, Chenxin and Li, Qing},
  journal={arXiv preprint arXiv:2212.14670},
  year={2022}
}

@article{papanicolaou2023optimal,
  title={An Optimal Control Strategy for Execution of Large Stock Orders Using LSTMs},
  author={Papanicolaou, A. and Fu, H. and Krishnamurthy, P. and Healy, B. and Khorrami, F.},
  journal={arXiv preprint arXiv:2301.09705},
  year={2023}
}

