@inproceedings{anagnostides2022dimensionality,
  title={Dimensionality and coordination in voting: The distortion of STV},
  author={Anagnostides, Ioannis and Fotakis, Dimitris and Patsilinakos, Panagiotis},
  booktitle={Proceedings of the AAAI Conference on Artificial Intelligence},
  volume={36},
  number={5},
  pages={4776--4784},
  year={2022},
  doi={https://doi.org/10.1609/aaai.v36i5.20404}
}

@inproceedings{anshelevich2015approximating,
  title={Approximating optimal social choice under metric preferences},
  author={Anshelevich, Elliot and Bhardwaj, Onkar and Postl, John},
  booktitle={Proceedings of the Twenty-Ninth AAAI Conference on Artificial Intelligence},
  pages={777--783},
  year={2015},
  doi={https://doi.org/10.1609/aaai.v29i1.9308}
}

@article{anshelevich2018approximating,
  title={Approximating optimal social choice under metric preferences},
  author={Anshelevich, Elliot and Bhardwaj, Onkar and Elkind, Edith and Postl, John and Skowron, Piotr},
  journal={Artificial Intelligence},
  volume={264},
  pages={27--51},
  year={2018},
  publisher={Elsevier},
  doi={https://doi.org/10.1016/j.artint.2018.07.006}
}

@article{bandelt1985networks,
  title={Networks with Condorcet solutions},
  author={Bandelt, Hans-J{\"u}rgen},
  journal={European Journal of Operational Research},
  volume={20},
  number={3},
  pages={314--326},
  year={1985},
  publisher={Elsevier},
  doi={https://doi.org/10.1016/0377-2217(85)90004-9}
}

@phdthesis{bloks2018condorcet,
  title={Condorcet Winning Sets},
  author={Suzanne Bloks},
  year={2018},
  school={London School of Economics and Political Science},
  url={https://suzannebloks.com/wp-content/uploads/2020/12/Bloks_2018_Condorcet-Winning-Sets_Dissertation-LSE.pdf},
  note={Accessed 2/16/2025}
}

@inproceedings{brandes2022voting,
  title={Voting for centrality},
  author={Brandes, Ulrik and Lau{\ss}mann, Christian and Rothe, J{\"o}rg},
  booktitle={Proceedings of the 21st International Conference on Autonomous Agents and Multiagent Systems},
  pages={1554--1556},
  year={2022},
  url={https://dl.acm.org/doi/10.5555/3535850.3536032}
}

@article{charikar2024six,
  title={Six Candidates Suffice to Win a Voter Majority},
  author={Charikar, Moses and Lassota, Alexandra and Ramakrishnan, Prasanna and Vetta, Adrian and Wang, Kangning},
  journal={arXiv preprint arXiv:2411.03390},
  year={2024},
  doi={https://doi.org/10.48550/arXiv.2411.03390}
}

@inproceedings{elkind2011choosing,
  title={Choosing collectively optimal sets of alternatives based on the {Condorcet} criterion},
  author={Elkind, Edith and Lang, J{\'e}r{\^o}me and Saffidine, Abdallah},
  booktitle={Twenty-Second International Joint Conference on Artificial Intelligence},
  year={2011},
  organization={Citeseer},
  doi={http://dx.doi.org/10.5591/978-1-57735-516-8/IJCAI11-042}
}

@article{elkind2015condorcet,
  title={Condorcet winning sets},
  author={Elkind, Edith and Lang, J{\'e}r{\^o}me and Saffidine, Abdallah},
  journal={Social Choice and Welfare},
  volume={44},
  number={3},
  pages={493--517},
  year={2015},
  publisher={Springer},
  doi={https://doi.org/10.1007/s00355-014-0853-4}
}

@inproceedings{gkatzelis2020resolving,
  title={Resolving the optimal metric distortion conjecture},
  author={Gkatzelis, Vasilis and Halpern, Daniel and Shah, Nisarg},
  booktitle={2020 IEEE 61st Annual Symposium on Foundations of Computer Science (FOCS)},
  pages={1427--1438},
  year={2020},
  organization={IEEE},
  doi={https://doi.org/10.1109/FOCS46700.2020.00134}
}

@article{hansen1986equivalence,
  title={Equivalence of solutions to network location problems},
  author={Hansen, Pierre and Thisse, J-F and Wendell, Richard E},
  journal={Mathematics of Operations Research},
  volume={11},
  number={4},
  pages={672--678},
  year={1986},
  publisher={INFORMS},
  doi={https://doi.org/10.1287/moor.11.4.672}
}

@inproceedings{kizilkay2022apluralityveto,
  title={{PluralityVeto}: A Simple Voting Rule Achieving Optimal Metric Distortion},
  author={Kizilkaya, Fatih Erdem and Kempe, David},
  year={2022},
  booktitle={Proceedings of the Thirty-First International Joint Conference on Artificial Intelligence},
  pages={349--355},
  doi={https://doi.org/10.24963/ijcai.2022/50}
}

@inproceedings{procaccia2006distortion,
  title={The distortion of cardinal preferences in voting},
  author={Procaccia, Ariel D and Rosenschein, Jeffrey S},
  booktitle={International Workshop on Cooperative Information Agents},
  pages={317--331},
  year={2006},
  organization={Springer},
  doi={https://doi.org/10.1007/11839354_23}
}

@article{skibski2023closeness,
  title={Closeness centrality via the {Condorcet} principle},
  author={Skibski, Oskar},
  journal={Social Networks},
  volume={74},
  pages={13--18},
  year={2023},
  publisher={Elsevier},
  doi={https://doi.org/10.1016/j.socnet.2023.01.005}
}

@inproceedings{skowron2017social,
  title={Social choice under metric preferences: Scoring rules and STV},
  author={Skowron, Piotr and Elkind, Edith},
  booktitle={Proceedings of the AAAI Conference on Artificial Intelligence},
  volume={31},
  number={1},
  year={2017}
}

@unpublished{telek2016power,
  title={Power networks: A network approach to voting theory},
  author={Telek, \'{A}d\'{a}m},
  year={2016},
  url={https://www.aeaweb.org/conference/2017/preliminary/paper/Qr45BZny}
}

@inproceedings{tomlinson2024moderating,
  title={The Moderating Effect of Instant Runoff Voting},
  author={Tomlinson, Kiran and Ugander, Johan and Kleinberg, Jon},
  booktitle={Proceedings of the AAAI Conference on Artificial Intelligence},
  volume={38},
  number={9},
  pages={9909--9917},
  year={2024},
  doi={https://doi.org/10.1609/aaai.v38i9.28852}
}

@article{wendell1981new,
  title={New perspectives in competitive location theory},
  author={Wendell, Richard E and McKelvey, Richard D},
  journal={European Journal of Operational Research},
  volume={6},
  number={2},
  pages={174--182},
  year={1981},
  publisher={Elsevier},
  doi={https://doi.org/10.1016/0377-2217(81)90204-6}
}

