@inproceedings{escoffier2020recognizing,
  title={Recognizing single-peaked preferences on an arbitrary graph: Complexity and algorithms},
  author={Escoffier, Bruno and Spanjaard, Olivier and Tydrichov{\'a}, Magdal{\'e}na},
  booktitle={International Symposium on Algorithmic Game Theory},
  pages={291--306},
  year={2020},
  organization={Springer}
}

@article{meek1994new,
  title={A new approach to the Single Transferable Vote},
  author={Meek, Brian L},
  journal={Voting matters},
  issue={1},
  pages={1--11},
  year={1994},
  month={March},
  url={https://www.votingmatters.org.uk/issue1/P2.htm}
}

@article{hill1987algorithm,
  title={Algorithm 123: Single Transferable Vote by {Meek's} Method},
  author={Hill, I David and Wichmann, Brian A and Woodall, Douglas R},
  journal={The Computer Journal},
  volume={30},
  number={3},
  pages={277--281},
  year={1987},
  doi={https://doi.org/10.1093/comjnl/30.3.277}
}


@article{meek1969nouvelle,
  title={Une nouvelle approche du scrutin transf{\'e}rable},
  author={Meek, Brian L},
  journal={Math{\'e}matiques et sciences humaines},
  volume={25},
  pages={13--23},
  year={1969},
  url={http://eudml.org/doc/94058}
}

@article{hill2005meek,
  title={Meek vs {Warren}},
  author={Hill, I David and Warren, C Hugh E},
  journal={Voting matters},
  issue={20},
  pages={1--11},
  year={2005},
  month={June},
  url={https://www.votingmatters.org.uk/issue20/I20P1.PDF}
}



@article{delemazure2024generalizing,
  title={Generalizing Instant Runoff Voting to Allow Indifferences},
  author={Delemazure, Th{\'e}o and Peters, Dominik},
  journal={arXiv preprint arXiv:2404.11407},
  year={2024},
  doi={https://doi.org/10.48550/arXiv.2404.11407}
}

@article{mollison2023fair,
  title={Fair votes in practice},
  author={Mollison, Denis},
  journal={arXiv preprint arXiv:2303.15310},
  year={2023},
  doi={https://doi.org/10.48550/arXiv.2303.15310}
}

@inproceedings{anagnostides2022dimensionality,
  title={Dimensionality and coordination in voting: The distortion of STV},
  author={Anagnostides, Ioannis and Fotakis, Dimitris and Patsilinakos, Panagiotis},
  booktitle={Proceedings of the AAAI Conference on Artificial Intelligence},
  volume={36},
  number={5},
  pages={4776--4784},
  year={2022},
  doi={https://doi.org/10.1609/aaai.v36i5.20404}
}

@article{charikar2024six,
  title={Six Candidates Suffice to Win a Voter Majority},
  author={Charikar, Moses and Lassota, Alexandra and Ramakrishnan, Prasanna and Vetta, Adrian and Wang, Kangning},
  journal={arXiv preprint arXiv:2411.03390},
  year={2024},
  doi={https://doi.org/10.48550/arXiv.2411.03390}
}

@inproceedings{kizilkay2022apluralityveto,
  title={{PluralityVeto}: A Simple Voting Rule Achieving Optimal Metric Distortion},
  author={Kizilkaya, Fatih Erdem and Kempe, David},
  year={2022},
  booktitle={Proceedings of the Thirty-First International Joint Conference on Artificial Intelligence},
  pages={349--355},
  doi={https://doi.org/10.24963/ijcai.2022/50}
}

@inproceedings{procaccia2006distortion,
  title={The distortion of cardinal preferences in voting},
  author={Procaccia, Ariel D and Rosenschein, Jeffrey S},
  booktitle={International Workshop on Cooperative Information Agents},
  pages={317--331},
  year={2006},
  organization={Springer},
  doi={https://doi.org/10.1007/11839354_23}
}

@inproceedings{gkatzelis2020resolving,
  title={Resolving the optimal metric distortion conjecture},
  author={Gkatzelis, Vasilis and Halpern, Daniel and Shah, Nisarg},
  booktitle={2020 IEEE 61st Annual Symposium on Foundations of Computer Science (FOCS)},
  pages={1427--1438},
  year={2020},
  organization={IEEE},
  doi={https://doi.org/10.1109/FOCS46700.2020.00134}
}

@inproceedings{elkind2017multiwinner,
  title={What do multiwinner voting rules do? An experiment over the two-dimensional {Euclidean} domain},
  author={Elkind, Edith and Faliszewski, Piotr and Laslier, Jean-Fran{\c{c}}ois and Skowron, Piotr and Slinko, Arkadii and Talmon, Nimrod},
  booktitle={Proceedings of the AAAI Conference on Artificial Intelligence},
  volume={31},
  number={1},
  year={2017},
  doi={https://doi.org/10.1609/aaai.v31i1.10612}
}

@inproceedings{anshelevich2015approximating,
  title={Approximating optimal social choice under metric preferences},
  author={Anshelevich, Elliot and Bhardwaj, Onkar and Postl, John},
  booktitle={Proceedings of the Twenty-Ninth AAAI Conference on Artificial Intelligence},
  pages={777--783},
  year={2015},
  doi={https://doi.org/10.1609/aaai.v29i1.9308}
}

@article{anshelevich2018approximating,
  title={Approximating optimal social choice under metric preferences},
  author={Anshelevich, Elliot and Bhardwaj, Onkar and Elkind, Edith and Postl, John and Skowron, Piotr},
  journal={Artificial Intelligence},
  volume={264},
  pages={27--51},
  year={2018},
  publisher={Elsevier},
  doi={https://doi.org/10.1016/j.artint.2018.07.006}
}


@inproceedings{skowron2017social,
  title={Social choice under metric preferences: Scoring rules and STV},
  author={Skowron, Piotr and Elkind, Edith},
  booktitle={Proceedings of the AAAI Conference on Artificial Intelligence},
  volume={31},
  number={1},
  year={2017}
}

@article{merrill1984comparison,
  title={A comparison of efficiency of multicandidate electoral systems},
  author={Merrill III, Samuel},
  journal={American Journal of Political Science},
  pages={23--48},
  year={1984},
  publisher={JSTOR},
  doi={https://doi.org/10.2307/2110786}
}

@article{bandelt1985networks,
  title={Networks with Condorcet solutions},
  author={Bandelt, Hans-J{\"u}rgen},
  journal={European Journal of Operational Research},
  volume={20},
  number={3},
  pages={314--326},
  year={1985},
  publisher={Elsevier},
  doi={https://doi.org/10.1016/0377-2217(85)90004-9}
}

@article{mcgann2002party,
  title={Why party leaders are more extreme than their members: Modeling sequential elimination elections in the US House of Representatives},
  author={McGann, Anthony J and Grofman, Bernard and Koetzle, William},
  journal={Public Choice},
  volume={113},
  number={3},
  pages={337--356},
  year={2002},
  publisher={Springer},
  doi={https://doi.org/10.1023/A:1020825426172}
}

@article{buechel2014condorcet,
  title={Condorcet winners on median spaces},
  author={Buechel, Berno},
  journal={Social Choice and Welfare},
  volume={42},
  pages={735--750},
  year={2014},
  publisher={Springer}
}


@article{hansen1986equivalence,
  title={Equivalence of solutions to network location problems},
  author={Hansen, Pierre and Thisse, J-F and Wendell, Richard E},
  journal={Mathematics of Operations Research},
  volume={11},
  number={4},
  pages={672--678},
  year={1986},
  publisher={INFORMS},
  doi={https://doi.org/10.1287/moor.11.4.672}
}

@article{wendell1981new,
  title={New perspectives in competitive location theory},
  author={Wendell, Richard E and McKelvey, Richard D},
  journal={European Journal of Operational Research},
  volume={6},
  number={2},
  pages={174--182},
  year={1981},
  publisher={Elsevier},
  doi={https://doi.org/10.1016/0377-2217(81)90204-6}
}


@unpublished{telek2016power,
  title={Power networks: A network approach to voting theory},
  author={Telek, \'{A}d\'{a}m},
  year={2016},
  url={https://www.aeaweb.org/conference/2017/preliminary/paper/Qr45BZny}
}

@article{van2016distance,
  title={Distance-Regular Graphs},
  author={van Dam, Edwin R and Koolen, Jack H and Tanaka, Hajime},
  journal={The Electronic Journal of Combinatorics},
  pages={\#DS22},
  year={2016},
  doi={https://doi.org/10.37236/4925}
}

@misc{paluck2016data,
	author = {Paluck, Elizabeth Levy and Shepherd, Hana R. and Aronow, Peter},
	date-added = {2025-01-31 15:06:41 -0800},
	date-modified = {2025-01-31 15:06:41 -0800},
	doi = {10.3886/ICPSR37070.v2},
	publisher = {Inter-university Consortium for Political and Social Research {$[$}distributor{$]$}},
	title = {Changing Climates of Conflict: A Social Network Experiment in 56 Schools, New Jersey, 2012-2013},
	year = {2020},
	doi = {https://doi.org/10.3886/ICPSR37070.v2}}



@article{paluck2016changing,
  title={Changing climates of conflict: A social network experiment in 56 schools},
  author={Paluck, Elizabeth Levy and Shepherd, Hana and Aronow, Peter M},
  journal={Proceedings of the National Academy of Sciences},
  volume={113},
  number={3},
  pages={566--571},
  year={2016},
  publisher={National Acad Sciences},
  doi={https://doi.org/10.1073/pnas.1514483113}
}

@article{black1948rationale,
  title={On the rationale of group decision-making},
  author={Black, Duncan},
  journal={Journal of Political Economy},
  volume={56},
  number={1},
  pages={23--34},
  year={1948},
  publisher={The University of Chicago Press},
  doi={https://doi.org/10.1086/256633}
}

@article{elkind2022preference,
  title={Preference restrictions in computational social choice: A survey},
  author={Elkind, Edith and Lackner, Martin and Peters, Dominik},
  journal={arXiv preprint arXiv:2205.09092},
  year={2022},
  doi={https://doi.org/10.48550/arXiv.2205.09092}
}

@inproceedings{tomlinson2024moderating,
  title={The Moderating Effect of Instant Runoff Voting},
  author={Tomlinson, Kiran and Ugander, Johan and Kleinberg, Jon},
  booktitle={Proceedings of the AAAI Conference on Artificial Intelligence},
  volume={38},
  number={9},
  pages={9909--9917},
  year={2024},
  doi={https://doi.org/10.1609/aaai.v38i9.28852}
}

@article{thulin2014cost,
  title={The cost of using exact confidence intervals for a binomial proportion},
  author={Thulin, Mans},
  journal={Electronic Journal of Statistics},
  volume={8},
  pages={817--840},
  year={2014}
}

@inproceedings{conitzer2009preference,
  title={Preference functions that score rankings and maximum likelihood estimation},
  author={Conitzer, Vincent and Rognlie, Matthew and Xia, Lirong},
  booktitle={Twenty-First International Joint Conference on Artificial Intelligence},
  year={2009}
}


@article{gonzalez1985clustering,
  title={Clustering to minimize the maximum intercluster distance},
  author={Gonzalez, Teofilo F},
  journal={Theoretical Computer Science},
  volume={38},
  pages={293--306},
  year={1985},
  publisher={Elsevier},
  doi={https://doi.org/10.1016/0304-3975(85)90224-5}
}

@inproceedings{carr2000red,
  title={On the red-blue set cover problem},
  author={Carr, Robert D and Doddi, Srinivas and Konjevod, Goran and Marathe, Madhav},
  booktitle={Proceedings of the Eleventh Annual ACM-SIAM Symposium on Discrete Algorithms},
  pages={345--353},
  year={2000}
}

@book{garey1979computers,
  title={Computers and intractability},
  author={Garey, Michael R and Johnson, David S},
  year={1979},
  publisher={Freeman}
}

@article{peters2021unanimous,
  title={Unanimous and strategy-proof probabilistic rules for single-peaked preference profiles on graphs},
  author={Peters, Hans and Roy, Souvik and Sadhukhan, Soumyarup},
  journal={Mathematics of Operations Research},
  volume={46},
  number={2},
  pages={811--833},
  year={2021},
  publisher={INFORMS}
}

@inproceedings{honiden2009balancing,
  title={Balancing graph {Voronoi} diagrams},
  author={Honiden, Shinichi and Houle, Michael E and Sommer, Christian},
  booktitle={2009 Sixth International Symposium on Voronoi Diagrams},
  pages={183--191},
  year={2009},
  organization={IEEE}
}

@article{mehlhorn1988faster,
  title={A faster approximation algorithm for the {Steiner} problem in graphs},
  author={Mehlhorn, Kurt},
  journal={Information Processing Letters},
  volume={27},
  number={3},
  pages={125--128},
  year={1988},
  publisher={Elsevier}
}

@inproceedings{elkind2011choosing,
  title={Choosing collectively optimal sets of alternatives based on the {Condorcet} criterion},
  author={Elkind, Edith and Lang, J{\'e}r{\^o}me and Saffidine, Abdallah},
  booktitle={Twenty-Second International Joint Conference on Artificial Intelligence},
  year={2011},
  organization={Citeseer},
  doi={http://dx.doi.org/10.5591/978-1-57735-516-8/IJCAI11-042}
}

@phdthesis{bloks2018condorcet,
  title={Condorcet Winning Sets},
  author={Suzanne Bloks},
  year={2018},
  school={London School of Economics and Political Science},
  url={https://suzannebloks.com/wp-content/uploads/2020/12/Bloks_2018_Condorcet-Winning-Sets_Dissertation-LSE.pdf},
  note={Accessed 2/16/2025}
}

@article{elkind2015condorcet,
  title={Condorcet winning sets},
  author={Elkind, Edith and Lang, J{\'e}r{\^o}me and Saffidine, Abdallah},
  journal={Social Choice and Welfare},
  volume={44},
  number={3},
  pages={493--517},
  year={2015},
  publisher={Springer},
  doi={https://doi.org/10.1007/s00355-014-0853-4}
}

@article{erwig2000graph,
  title={The graph {Voronoi} diagram with applications},
  author={Erwig, Martin},
  journal={Networks: An International Journal},
  volume={36},
  number={3},
  pages={156--163},
  year={2000},
  publisher={Wiley Online Library}
}


@inproceedings{brandes2022voting,
  title={Voting for centrality},
  author={Brandes, Ulrik and Lau{\ss}mann, Christian and Rothe, J{\"o}rg},
  booktitle={Proceedings of the 21st International Conference on Autonomous Agents and Multiagent Systems},
  pages={1554--1556},
  year={2022},
  url={https://dl.acm.org/doi/10.5555/3535850.3536032}
}

@article{skibski2023closeness,
  title={Closeness centrality via the {Condorcet} principle},
  author={Skibski, Oskar},
  journal={Social Networks},
  volume={74},
  pages={13--18},
  year={2023},
  publisher={Elsevier},
  doi={https://doi.org/10.1016/j.socnet.2023.01.005}
}

@article{ruiz2017cournot,
  title={{Cournot--Stackelberg} games in competitive delocation},
  author={Ruiz-Hern{\'a}ndez, Diego and Elizalde, Javier and Delgado-G{\'o}mez, David},
  journal={Annals of Operations Research},
  volume={256},
  pages={149--170},
  year={2017},
  publisher={Springer},
  doi={https://doi.org/10.1007/s10479-016-2288-z}
}

@article{bhaumik2010optimal,
  title={Optimal shrinking of the distribution chain: the facilities delocation decision},
  author={Bhaumik, Pradip K},
  journal={International Journal of Systems Science},
  volume={41},
  number={3},
  pages={271--280},
  year={2010},
  publisher={Taylor \& Francis},
  doi={https://doi.org/10.1080/00207720903326860}
}


@phdthesis{laussmann2023comsoc,
  title={COMSOC Methods in Real-World Applications},
  author={Lau{\ss}mann, Christian},
  year={2023},
  school={Heinrich Heine University D{\"u}sseldorf}
}
