@article{CM,
  title={Free boundaries in optimal transport and {M}onge-{A}mpere obstacle problems},
  author={Caffarelli, Luis A and McCann, Robert J},
  journal={Annals of mathematics},
  pages={673--730},
  year={2010},
  publisher={JSTOR}
}

@inproceedings{frogner2015learning,
  title={Learning with a Wasserstein loss},
  author={Frogner, Charlie and Zhang, Chiyuan and Mobahi, Hossein and Araya, Mauricio and Poggio, Tomaso A},
  booktitle={Advances in neural information processing systems},
  pages={2053--2061},
  year={2015}
}

@InProceedings{le2021ept,
  title = 	 { Entropy Partial Transport with Tree Metrics: Theory and Practice },
  author =       {Le, Tam and Nguyen, Truyen},
  booktitle = 	 {Proceedings of The 24th International Conference on Artificial Intelligence and Statistics (AISTATS)},
  pages = 	 {3835--3843},
  year = 	 {2021},
  volume = 	 {130},
  series = 	 {Proceedings of Machine Learning Research},
  publisher =    {PMLR},
}

