@misc{blodgett2017racialdisparitynaturallanguage,
      title={Racial Disparity in Natural Language Processing: A Case Study of Social Media African-American English}, 
      author={Su Lin Blodgett and Brendan O'Connor},
      year={2017},
      eprint={1707.00061},
      archivePrefix={arXiv},
      primaryClass={cs.CY},
      url={https://arxiv.org/abs/1707.00061}, 
}

@misc{cahyawijaya2024llmeveryonerepresentingunderrepresented,
      title={LLM for Everyone: Representing the Underrepresented in Large Language Models}, 
      author={Samuel Cahyawijaya},
      year={2024},
      eprint={2409.13897},
      archivePrefix={arXiv},
      primaryClass={cs.CL},
      url={https://arxiv.org/abs/2409.13897}, 
}

@book{ewave,
  address   = {},
  editor    = {Bernd Kortmann and Kerstin Lunkenheimer and Katharina Ehret},
  publisher = {eWAVE},
  title     = {eWAVE},
  url       = {https://ewave-atlas.org/},
  year      = {2020}
}

@misc{fleisig2024linguisticbiaschatgptlanguage,
      title={Linguistic Bias in ChatGPT: Language Models Reinforce Dialect Discrimination}, 
      author={Eve Fleisig and Genevieve Smith and Madeline Bossi and Ishita Rustagi and Xavier Yin and Dan Klein},
      year={2024},
      eprint={2406.08818},
      archivePrefix={arXiv},
      primaryClass={cs.CL},
      url={https://arxiv.org/abs/2406.08818}, 
}

@book{fought2003chicano,
  title={Chicano English in Context},
  author={Fought, Carmen},
  year={2003},
  publisher={Palgrave Macmillan},
  address={New York, USA},
  isbn={9781403903623}
}

@book{green2002african,
  title={African American English: A Linguistic Introduction},
  author={Green, Lisa J.},
  year={2002},
  publisher={Cambridge University Press},
  address={Cambridge, UK},
  isbn={978-0-521-89138-7}
}

@misc{gupta2024aavenuedetectingllmbiases,
      title={AAVENUE: Detecting LLM Biases on NLU Tasks in AAVE via a Novel Benchmark}, 
      author={Abhay Gupta and Philip Meng and Ece Yurtseven and Sean O'Brien and Kevin Zhu},
      year={2024},
      eprint={2408.14845},
      archivePrefix={arXiv},
      primaryClass={cs.CL},
      url={https://arxiv.org/abs/2408.14845}, 
}

@misc{hofmann2024dialectprejudicepredictsai,
      title={Dialect prejudice predicts AI decisions about people's character, employability, and criminality}, 
      author={Valentin Hofmann and Pratyusha Ria Kalluri and Dan Jurafsky and Sharese King},
      year={2024},
      eprint={2403.00742},
      archivePrefix={arXiv},
      primaryClass={cs.CL},
      url={https://arxiv.org/abs/2403.00742}, 
}

@inproceedings{jorgensen-etal-2015-challenges,
    title = "Challenges of studying and processing dialects in social media",
    author = "J{\o}rgensen, Anna  and
      Hovy, Dirk  and
      S{\o}gaard, Anders",
    editor = "Xu, Wei  and
      Han, Bo  and
      Ritter, Alan",
    booktitle = "Proceedings of the Workshop on Noisy User-generated Text",
    month = jul,
    year = "2015",
    address = "Beijing, China",
    publisher = "Association for Computational Linguistics",
    url = "https://aclanthology.org/W15-4302/",
    doi = "10.18653/v1/W15-4302",
    pages = "9--18"
}

@misc{lin2025languagegapsevaluatingdialect,
      title={One Language, Many Gaps: Evaluating Dialect Fairness and Robustness of Large Language Models in Reasoning Tasks}, 
      author={Fangru Lin and Shaoguang Mao and Emanuele La Malfa and Valentin Hofmann and Adrian de Wynter and Xun Wang and Si-Qing Chen and Michael Wooldridge and Janet B. Pierrehumbert and Furu Wei},
      year={2025},
      eprint={2410.11005},
      archivePrefix={arXiv},
      primaryClass={cs.CL},
      url={https://arxiv.org/abs/2410.11005}, 
}

@book{lippi1997english,
  title={English with an Accent: Language, Ideology, and Discrimination in the United States},
  author={Lippi-Green, Rosina},
  year={1997},
  publisher={Routledge},
  address={London \& New York},
  isbn={9780203348802}
}

@misc{mousi2024aradicebenchmarksdialectalcultural,
      title={AraDiCE: Benchmarks for Dialectal and Cultural Capabilities in LLMs}, 
      author={Basel Mousi and Nadir Durrani and Fatema Ahmad and Md. Arid Hasan and Maram Hasanain and Tameem Kabbani and Fahim Dalvi and Shammur Absar Chowdhury and Firoj Alam},
      year={2024},
      eprint={2409.11404},
      archivePrefix={arXiv},
      primaryClass={cs.CL},
      url={https://arxiv.org/abs/2409.11404}, 
}

@book{platt1980english,
  title={English in Singapore and Malaysia: Status, Features, Functions},
  author={Platt, John and Weber, Heidi},
  year={1980},
  publisher={Oxford University Press},
  address={Singapore},
  isbn={9780195804206}
}

@article{purnell1999dialect,
  title={Perceptual and Phonetic Experiments on American English Dialect Identification},
  author={Purnell, Thomas and Idsardi, William and Baugh, John},
  journal={Journal of Language and Social Psychology},
  volume={18},
  number={1},
  pages={10--30},
  year={1999},
  doi={10.1177/0261927X99018001002}
}

@article{santa1993chicano,
  title={Chicano English and the Nature of the Chicano Language Setting},
  author={Santa Ana, Otto},
  journal={Hispanic Journal of Behavioral Sciences},
  volume={15},
  number={1},
  pages={3--35},
  year={1993},
  doi={10.1177/07399863930151001}
}

@inproceedings{sap-etal-2019-risk,
    title = "The Risk of Racial Bias in Hate Speech Detection",
    author = "Sap, Maarten  and
      Card, Dallas  and
      Gabriel, Saadia  and
      Choi, Yejin  and
      Smith, Noah A.",
    editor = "Korhonen, Anna  and
      Traum, David  and
      M{\`a}rquez, Llu{\'i}s",
    booktitle = "Proceedings of the 57th Annual Meeting of the Association for Computational Linguistics",
    month = jul,
    year = "2019",
    address = "Florence, Italy",
    publisher = "Association for Computational Linguistics",
    url = "https://aclanthology.org/P19-1163/",
    doi = "10.18653/v1/P19-1163",
    pages = "1668--1678",
}

@inproceedings{ziems-etal-2022-value,
    title = "{VALUE}: {U}nderstanding Dialect Disparity in {NLU}",
    author = "Ziems, Caleb  and
      Chen, Jiaao  and
      Harris, Camille  and
      Anderson, Jessica  and
      Yang, Diyi",
    editor = "Muresan, Smaranda  and
      Nakov, Preslav  and
      Villavicencio, Aline",
    booktitle = "Proceedings of the 60th Annual Meeting of the Association for Computational Linguistics (Volume 1: Long Papers)",
    month = may,
    year = "2022",
    address = "Dublin, Ireland",
    publisher = "Association for Computational Linguistics",
    url = "https://aclanthology.org/2022.acl-long.258/",
    doi = "10.18653/v1/2022.acl-long.258",
    pages = "3701--3720",
    abstract = "English Natural Language Understanding (NLU) systems have achieved great performances and even outperformed humans on benchmarks like GLUE and SuperGLUE. However, these benchmarks contain only textbook Standard American English (SAE). Other dialects have been largely overlooked in the NLP community. This leads to biased and inequitable NLU systems that serve only a sub-population of speakers. To understand disparities in current models and to facilitate more dialect-competent NLU systems, we introduce the VernAcular Language Understanding Evaluation (VALUE) benchmark, a challenging variant of GLUE that we created with a set of lexical and morphosyntactic transformation rules. In this initial release (V.1), we construct rules for 11 features of African American Vernacular English (AAVE), and we recruit fluent AAVE speakers to validate each feature transformation via linguistic acceptability judgments in a participatory design manner. Experiments show that these new dialectal features can lead to a drop in model performance."
}

@misc{ziems2023multivalueframeworkcrossdialectalenglish,
      title={Multi-VALUE: A Framework for Cross-Dialectal English NLP}, 
      author={Caleb Ziems and William Held and Jingfeng Yang and Jwala Dhamala and Rahul Gupta and Diyi Yang},
      year={2023},
      eprint={2212.08011},
      archivePrefix={arXiv},
      primaryClass={cs.CL},
      url={https://arxiv.org/abs/2212.08011}, 
}

