@inproceedings{alayed_behavioralbased_2013,
  title = {Behavioral-Based Cheating Detection in Online First Person Shooters Using Machine Learning Techniques},
  booktitle = {2013 {{IEEE Conference}} on {{Computational Inteligence}} in {{Games}} ({{CIG}})},
  author = {Alayed, Hashem and Frangoudes, Fotos and Neuman, Clifford},
  year = {2013},
  month = aug,
  pages = {1--8}
}

@inproceedings{bertrand_limitations_2023,
  title = {On the {{Limitations}} of the {{Elo}}, {{Real-World Games}} Are {{Transitive}}, Not {{Additive}}},
  booktitle = {Proceedings of {{The}} 26th {{International Conference}} on {{Artificial Intelligence}} and {{Statistics}}},
  author = {Bertrand, Quentin and Czarnecki, Wojciech Marian and Gidel, Gauthier},
  year = {2023},
  month = apr,
  pages = {2905--2921},
  publisher = {PMLR}
}

@article{bradley_rank_1952,
  title = {Rank {{Analysis}} of {{Incomplete Block Designs}}: {{I}}. {{The Method}} of {{Paired Comparisons}}},
  author = {Bradley, Ralph Allan and Terry, Milton E.},
  year = {1952},
  journal = {Biometrika},
  volume = {39},
  number = {3/4},
  eprint = {2334029},
  eprinttype = {jstor},
  pages = {324--345},
  publisher = {[Oxford University Press, Biometrika Trust]}
}

@inproceedings{burges_learning_2005,
  title = {Learning to Rank Using Gradient Descent},
  booktitle = {Proceedings of the 22nd International Conference on {{Machine}} Learning},
  author = {Burges, Chris and Shaked, Tal and Renshaw, Erin and Lazier, Ari and Deeds, Matt and Hamilton, Nicole and Hullender, Greg},
  year = {2005},
  month = aug,
  series = {{{ICML}} '05},
  pages = {89--96},
  publisher = {Association for Computing Machinery},
  address = {New York, NY, USA}
}

@article{cattelan_dynamic_2013,
  title = {Dynamic {{Bradley}}--{{Terry}} Modelling of Sports Tournaments},
  author = {Cattelan, Manuela and Varin, Cristiano and Firth, David},
  year = {2013},
  month = jan,
  journal = {Journal of the Royal Statistical Society : Series C},
  volume = {Volulme 62},
  number = {Number 1},
  pages = {135--150},
  publisher = {Wiley-Blackwell Publishing Ltd.}
}

@inproceedings{chen_predicting_2016,
  title = {Predicting {{Matchups}} and {{Preferences}} in {{Context}}},
  booktitle = {Proceedings of the 22nd {{ACM SIGKDD International Conference}} on {{Knowledge Discovery}} and {{Data Mining}}},
  author = {Chen, Shuo and Joachims, Thorsten},
  year = {2016},
  series = {{{KDD}} '16},
  pages = {775--784},
  publisher = {Association for Computing Machinery},
  address = {New York, NY, USA}
}

@inproceedings{chen_ranking_2009,
  title = {Ranking {{Measures}} and {{Loss Functions}} in {{Learning}} to {{Rank}}},
  booktitle = {Advances in {{Neural Information Processing Systems}}},
  author = {Chen, Wei and Liu, Tie-yan and Lan, Yanyan and Ma, Zhi-ming and Li, Hang},
  year = {2009},
  volume = {22},
  publisher = {Curran Associates, Inc.}
}

@article{coulom_computing_2007,
  title = {Computing {{Elo Ratings}} of {{Move Patterns}} in the {{Game}} of {{Go}}},
  author = {Coulom, R{\'e}mi},
  year = {2007},
  month = dec,
  journal = {ICGA Journal},
  volume = {30},
  number = {4},
  pages = {198--208}
}

@inproceedings{coulom_efficient_2007,
  title = {Efficient {{Selectivity}} and {{Backup Operators}} in {{Monte-Carlo Tree Search}}},
  booktitle = {Computers and {{Games}}},
  author = {Coulom, R{\'e}mi},
  year = {2007},
  series = {Lecture {{Notes}} in {{Computer Science}}},
  pages = {72--83},
  publisher = {Springer},
  address = {Berlin, Heidelberg}
}

@inproceedings{demediuk_monte_2017,
  title = {Monte {{Carlo}} Tree Search Based Algorithms for Dynamic Difficulty Adjustment},
  booktitle = {2017 {{IEEE Conference}} on {{Computational Intelligence}} and {{Games}} ({{CIG}})},
  author = {Demediuk, Simon and Tamassia, Marco and Raffe, William and Zambetta, Fabio and Li, Xiaodong and Mueller, Florian},
  year = {2017},
  month = aug,
  pages = {53--59}
}

@inproceedings{dosovitskiy_image_2020,
  title = {An {{Image}} Is {{Worth}} 16x16 {{Words}}: {{Transformers}} for {{Image Recognition}} at {{Scale}}},
  booktitle = {International {{Conference}} on {{Learning Representations}}},
  author = {Dosovitskiy, Alexey and Beyer, Lucas and Kolesnikov, Alexander and Weissenborn, Dirk and Zhai, Xiaohua and Unterthiner, Thomas and Dehghani, Mostafa and Minderer, Matthias and Heigold, Georg and Gelly, S. and Uszkoreit, Jakob and Houlsby, N.},
  year = {2020},
  month = oct
}

@article{egri-nagy_derived_2020,
  title = {Derived Metrics for the Game of {{Go}} -- Intrinsic Network Strength Assessment and Cheat-Detection},
  author = {{Egri-Nagy}, Attila and Tormanen, Antti},
  year = {2020},
  month = nov,
  journal = {2020 Eighth International Symposium on Computing and Networking (CANDAR)},
  pages = {9--18},
  publisher = {IEEE},
  address = {Naha, Japan},
  copyright = {https://ieeexplore.ieee.org/Xplorehelp/downloads/license-information/IEEE.html}
}

@inproceedings{fan_position_2019,
  title = {Position {{Control}} and {{Production}} of {{Various Strategies}} for {{Deep Learning Go Programs}}},
  booktitle = {2019 {{International Conference}} on {{Technologies}} and {{Applications}} of {{Artificial Intelligence}} ({{TAAI}})},
  author = {Fan, Tianwen and Shi, Yuan and Li, Wanxiang and Ikeda, Kokolo},
  year = {2019},
  month = jan,
  pages = {1--6}
}

@article{fujita_alphadda_2022,
  title = {{{AlphaDDA}}: Strategies for Adjusting the Playing Strength of a Fully Trained {{AlphaZero}} System to a Suitable Human Training Partner},
  author = {Fujita, Kazuhisa},
  year = {2022},
  month = oct,
  journal = {PeerJ Computer Science},
  volume = {8},
  pages = {e1123},
  copyright = {https://creativecommons.org/licenses/by/4.0/}
}

@inproceedings{gusmão_dynamic_2015,
  title = {Dynamic Difficulty Adjustment through Parameter Manipulation for {{Space Shooter}} Game},
  booktitle = {2015 14th {{Brazilian Symposium}} on {{Computer Games}} and {{Digital Entertainment}} ({{SBGames}})},
  author = {Gusm{\~a}o, Ren{\^e} and Calixto, Kennet and Segundo, Caetano},
  year = {2015},
  month = sep
}

@inproceedings{he_deep_2016,
  title = {Deep {{Residual Learning}} for {{Image Recognition}}},
  booktitle = {Proceedings of the {{IEEE Conference}} on {{Computer Vision}} and {{Pattern Recognition}}},
  author = {He, Kaiming and Zhang, Xiangyu and Ren, Shaoqing and Sun, Jian},
  year = {2016},
  pages = {770--778}
}

@article{huang_generalized_2006,
  title = {Generalized {{Bradley-Terry Models}} and {{Multi-Class Probability Estimates}}.},
  author = {Huang, Tzu-Kuo and Weng, Ruby and Lin, Chih-Jen},
  year = {2006},
  month = jan,
  journal = {Journal of Machine Learning Research},
  volume = {7},
  pages = {85--115}
}

@article{hunicke_ai_2004,
  title = {{{AI}} for Dynamic Difficulty Adjustment in Games},
  author = {Hunicke, Robin and Chapman, Vernell},
  year = {2004},
  month = jan,
  journal = {Challenges in game artificial intelligence AAAI workshop},
  volume = {2}
}

@inproceedings{kocsis_bandit_2006,
  title = {Bandit {{Based Monte-Carlo Planning}}},
  booktitle = {European {{Conference}} on {{Machine Learning}} and {{Principles}} and {{Practice}} of {{Knowledge Discovery}} in {{Databases}}},
  author = {Kocsis, Levente and Szepesv{\'a}ri, Csaba},
  year = {2006},
  month = sep,
  volume = {2006},
  pages = {282--293}
}

@article{li_short_2011,
  title = {A {{Short Introduction}} to {{Learning}} to {{Rank}}},
  author = {Li, Hang},
  year = {2011},
  month = oct,
  journal = {IEICE TRANSACTIONS on Information and Systems},
  volume = {E94-D},
  number = {10},
  pages = {1854--1862},
  publisher = {{The Institute of Electronics, Information and Communication Engineers}}
}

@article{liu_strength_2020,
  title = {Strength {{Adjustment}} and {{Assessment}} for {{MCTS-Based Programs}} [{{Research Frontier}}]},
  author = {Liu, An-Jen and Wu, Ti-Rong and Wu, I-Chen and Guei, Hung and Wei, Ting-Han},
  year = {2020},
  month = aug,
  journal = {IEEE Computational Intelligence Magazine},
  volume = {15},
  number = {3},
  pages = {60--73}
}

@article{moon_diversifying_2022,
  title = {Diversifying Dynamic Difficulty Adjustment Agent by Integrating Player State Models into {{Monte-Carlo}} Tree Search},
  author = {Moon, JaeYoung and Choi, YouJin and Park, TaeHwa and Choi, JunDoo and Hong, Jin-Hyuk and Kim, Kyung-Joong},
  year = {2022},
  month = nov,
  journal = {Expert Systems with Applications},
  volume = {205},
  pages = {117677}
}

@inproceedings{moon_dynamic_2020,
  title = {Dynamic {{Difficulty Adjustment}} via {{Fast User Adaptation}}},
  booktitle = {Adjunct {{Publication}} of the 33rd {{Annual ACM Symposium}} on {{User Interface Software}} and {{Technology}}},
  author = {Moon, Hee-Seung and Seo, Jiwon},
  year = {2020},
  month = oct,
  eprint = {2006.15545},
  primaryclass = {cs},
  pages = {13--15},
  archiveprefix = {arXiv}
}

@inproceedings{moudřík_determining_2016,
  title = {Determining {{Player Skill}} in the {{Game}} of {{Go}} with {{Deep Neural Networks}}},
  booktitle = {Theory and {{Practice}} of {{Natural Computing}}},
  author = {Moud{\v r}{\'i}k, Josef and Neruda, Roman},
  year = {2016},
  pages = {188--195},
  publisher = {Springer International Publishing},
  address = {Cham}
}

@article{omidshafiei_arank_2019,
  title = {{$\alpha$}-{{Rank}}: {{Multi-Agent Evaluation}} by {{Evolution}}},
  author = {Omidshafiei, Shayegan and Papadimitriou, Christos and Piliouras, Georgios and Tuyls, Karl and Rowland, Mark and Lespiau, Jean-Baptiste and Czarnecki, Wojciech M. and Lanctot, Marc and Perolat, Julien and Munos, Remi},
  year = {2019},
  month = jul,
  journal = {Scientific Reports},
  volume = {9},
  number = {1},
  pages = {9937},
  publisher = {Nature Publishing Group},
  copyright = {2019 The Author(s)}
}

@misc{openai_dota_2019,
  title = {Dota 2 with {{Large Scale Deep Reinforcement Learning}}},
  author = {OpenAI and Berner, Christopher and Brockman, Greg and Chan, Brooke and Cheung, Vicki and D{\k e}biak, Przemys{\l}aw and Dennison, Christy and Farhi, David and Fischer, Quirin and Hashme, Shariq and Hesse, Chris and J{\'o}zefowicz, Rafal and Gray, Scott and Olsson, Catherine and Pachocki, Jakub and Petrov, Michael and Pinto, Henrique P. d O. and Raiman, Jonathan and Salimans, Tim and Schlatter, Jeremy and Schneider, Jonas and Sidor, Szymon and Sutskever, Ilya and Tang, Jie and Wolski, Filip and Zhang, Susan},
  year = {2019},
  month = dec,
  number = {arXiv:1912.06680},
  eprint = {1912.06680},
  primaryclass = {cs, stat},
  publisher = {arXiv},
  archiveprefix = {arXiv}
}

@inproceedings{paulsen_moderately_2010,
  title = {A {{Moderately Successful Attempt}} to {{Train Chess Evaluation Functions}} of {{Different Strengths}}},
  booktitle = {Proceedings of the {{ICML-10 Workshop}} on {{Machine Learning}} and {{Games}}},
  author = {Paulsen, Philip and F{\"u}rnkranz, Johannes},
  year = {2010}
}

@article{rosin_multiarmed_2011,
  title = {Multi-Armed Bandits with Episode Context},
  author = {Rosin, Christopher D.},
  year = {2011},
  month = mar,
  journal = {Annals of Mathematics and Artificial Intelligence},
  volume = {61},
  number = {3},
  pages = {203--230}
}

@inproceedings{scheible_picking_2014,
  title = {Picking the {{Amateur}}'s {{Mind}} - {{Predicting Chess Player Strength}} from {{Game Annotations}}},
  booktitle = {Proceedings of {{COLING}} 2014, the 25th {{International Conference}} on {{Computational Linguistics}}: {{Technical Papers}}},
  author = {Scheible, Christian and Sch{\"u}tze, Hinrich},
  year = {2014},
  month = aug,
  pages = {311--321},
  publisher = {{Dublin City University and Association for Computational Linguistics}},
  address = {Dublin, Ireland}
}

@article{schrittwieser_mastering_2020,
  title = {Mastering {{Atari}}, {{Go}}, Chess and Shogi by Planning with a Learned Model},
  author = {Schrittwieser, Julian and Antonoglou, Ioannis and Hubert, Thomas and Simonyan, Karen and Sifre, Laurent and Schmitt, Simon and Guez, Arthur and Lockhart, Edward and Hassabis, Demis and Graepel, Thore and Lillicrap, Timothy and Silver, David},
  year = {2020},
  month = dec,
  journal = {Nature},
  volume = {588},
  number = {7839},
  pages = {604--609},
  publisher = {Nature Publishing Group},
  copyright = {2020 The Author(s), under exclusive licence to Springer Nature Limited}
}

@inproceedings{sephton_experimental_2015,
  title = {An Experimental Study of Action Selection Mechanisms to Create an Entertaining Opponent},
  booktitle = {2015 {{IEEE Conference}} on {{Computational Intelligence}} and {{Games}} ({{CIG}})},
  author = {Sephton, Nick and Cowling, Peter I. and Slaven, Nicholas H.},
  year = {2015},
  month = aug,
  pages = {122--129},
  publisher = {IEEE},
  address = {Tainan, Taiwan}
}

@inproceedings{silva_dynamic_2015,
  title = {Dynamic {{Difficulty Adjustment}} through an {{Adaptive AI}}},
  booktitle = {14th {{Brazilian}} Symposium on Computer Games and Digital Entertainment ({{SBGames}})},
  author = {Silva, Mirna and Silva, Victor and Chaimowicz, Luiz},
  year = {2015},
  month = nov,
  pages = {173--182}
}

@article{silver_general_2018,
  title = {A General Reinforcement Learning Algorithm That Masters Chess, Shogi, and {{Go}} through Self-Play},
  author = {Silver, David and Hubert, Thomas and Schrittwieser, Julian and Antonoglou, Ioannis and Lai, Matthew and Guez, Arthur and Lanctot, Marc and Sifre, Laurent and Kumaran, Dharshan and Graepel, Thore and Lillicrap, Timothy and Simonyan, Karen and Hassabis, Demis},
  year = {2018},
  month = dec,
  journal = {Science},
  volume = {362},
  number = {6419},
  pages = {1140--1144},
  publisher = {American Association for the Advancement of Science}
}

@article{silver_mastering_2016,
  title = {Mastering the Game of {{Go}} with Deep Neural Networks and Tree Search},
  author = {Silver, David and Huang, Aja and Maddison, Chris J. and Guez, Arthur and Sifre, Laurent and {van den Driessche}, George and Schrittwieser, Julian and Antonoglou, Ioannis and Panneershelvam, Veda and Lanctot, Marc and Dieleman, Sander and Grewe, Dominik and Nham, John and Kalchbrenner, Nal and Sutskever, Ilya and Lillicrap, Timothy and Leach, Madeleine and Kavukcuoglu, Koray and Graepel, Thore and Hassabis, Demis},
  year = {2016},
  month = jan,
  journal = {Nature},
  volume = {529},
  number = {7587},
  pages = {484--489},
  publisher = {Nature Publishing Group},
  copyright = {2016 Springer Nature Limited}
}

@misc{temporary-citekey-510,
  title = {Lichess},
  author = {Lichess},
  year = {2024},
  howpublished = {https://database.lichess.org/\#standard\_games}
}

@inproceedings{tian_elf_2019,
  title = {{{ELF OpenGo}}: An Analysis and Open Reimplementation of {{AlphaZero}}},
  booktitle = {Proceedings of the 36th {{International Conference}} on {{Machine Learning}}},
  author = {Tian, Yuandong and Ma, Jerry and Gong, Qucheng and Sengupta, Shubho and Chen, Zhuoyuan and Pinkerton, James and Zitnick, Larry},
  year = {2019},
  month = may,
  pages = {6244--6253},
  publisher = {PMLR}
}

@inproceedings{vadori_ordinal_2024,
  title = {Ordinal {{Potential-based Player Rating}}},
  booktitle = {Proceedings of {{The}} 27th {{International Conference}} on {{Artificial Intelligence}} and {{Statistics}}},
  author = {Vadori, Nelson and Savani, Rahul},
  year = {2024},
  month = apr,
  pages = {118--126},
  publisher = {PMLR}
}

@article{vinyals_grandmaster_2019,
  title = {Grandmaster Level in {{StarCraft II}} Using Multi-Agent Reinforcement Learning},
  author = {Vinyals, Oriol and Babuschkin, Igor and Czarnecki, Wojciech M. and Mathieu, Micha{\"e}l and Dudzik, Andrew and Chung, Junyoung and Choi, David H. and Powell, Richard and Ewalds, Timo and Georgiev, Petko and Oh, Junhyuk and Horgan, Dan and Kroiss, Manuel and Danihelka, Ivo and Huang, Aja and Sifre, Laurent and Cai, Trevor and Agapiou, John P. and Jaderberg, Max and Vezhnevets, Alexander S. and Leblond, R{\'e}mi and Pohlen, Tobias and Dalibard, Valentin and Budden, David and Sulsky, Yury and Molloy, James and Paine, Tom L. and Gulcehre, Caglar and Wang, Ziyu and Pfaff, Tobias and Wu, Yuhuai and Ring, Roman and Yogatama, Dani and W{\"u}nsch, Dario and McKinney, Katrina and Smith, Oliver and Schaul, Tom and Lillicrap, Timothy and Kavukcuoglu, Koray and Hassabis, Demis and Apps, Chris and Silver, David},
  year = {2019},
  month = nov,
  journal = {Nature},
  volume = {575},
  number = {7782},
  pages = {350--354},
  publisher = {Nature Publishing Group},
  copyright = {2019 The Author(s), under exclusive licence to Springer Nature Limited}
}

@inproceedings{wan_generalized_2018,
  title = {Generalized {{End-to-End Loss}} for {{Speaker Verification}}},
  booktitle = {2018 {{IEEE International Conference}} on {{Acoustics}}, {{Speech}} and {{Signal Processing}} ({{ICASSP}})},
  author = {Wan, Li and Wang, Quan and Papir, Alan and Moreno, Ignacio Lopez},
  year = {2018},
  month = apr,
  pages = {4879--4883},
  publisher = {IEEE},
  address = {Calgary, AB}
}

@article{wu_minizero_2025,
  title = {{{MiniZero}}: {{Comparative Analysis}} of {{AlphaZero}} and {{MuZero}} on {{Go}}, {{Othello}}, and {{Atari Games}}},
  author = {Wu, Ti-Rong and Guei, Hung and Peng, Pei-Chiun and Huang, Po-Wei and Wei, Ting Han and Shih, Chung-Chin and Tsai, Yun-Jui},
  year = {2025},
  month = mar,
  journal = {IEEE Transactions on Games},
  volume = {17},
  number = {1},
  pages = {125--137}
}

@article{wu_strength_2019,
  title = {On {{Strength Adjustment}} for {{MCTS-Based Programs}}},
  author = {Wu, I.-Chen and Wu, Ti-Rong and Liu, An-Jen and Guei, Hung and Wei, Tinghan},
  year = {2019},
  month = jul,
  journal = {Proceedings of the AAAI Conference on Artificial Intelligence},
  volume = {33},
  number = {01},
  pages = {1222--1229},
  copyright = {Copyright (c) 2019 Association for the Advancement of Artificial Intelligence}
}

@inproceedings{xia_listwise_2008,
  title = {Listwise Approach to Learning to Rank - {{Theory}} and Algorithm},
  booktitle = {Proceedings of the 25th {{International Conference}} on {{Machine Learning}}},
  author = {Xia, Fen and Liu, Tie-Yan and Wang, Jue and Zhang, Wensheng and Li, Hang},
  year = {2008},
  month = jan,
  pages = {1192--1199}
}

@misc{lichess_2025,
  title = {lichess.org open database},
  author = {{Lichess}},
  URL = {https://database.lichess.org/#standard_games},
  year = {2025},
  note = {Accessed: 2025-03-21}
}

@misc{fox_weiqi_2025,
  title = {Fox {Weiqi}},
  author = {Foxwq},
  URL = {https://www.foxwq.com/},
  year = {2025},
  note = {Accessed: 2025-03-21}
}

@misc{balduzzi_reevaluating_2018,
  title = {Re-Evaluating {{Evaluation}}},
  author = {Balduzzi, David and Tuyls, Karl and Perolat, Julien and Graepel, Thore},
  year = {2018},
  month = oct,
  number = {arXiv:1806.02643},
  eprint = {1806.02643},
  primaryclass = {cs},
  publisher = {arXiv},
  archiveprefix = {arXiv},
  keywords = {Computer Science - Computer Science and Game Theory,Computer Science - Machine Learning,Statistics - Machine Learning}
}
