@article{berthelot2023tract,
  title={Tract: {D}enoising {D}iffusion {M}odels with {T}ransitive {C}losure {T}ime-{D}istillation},
  author={Berthelot, David and Autef, Arnaud and Lin, Jierui and Yap, Dian Ang and Zhai, Shuangfei and Hu, Siyuan and Zheng, Daniel and Talbott, Walter and Gu, Eric},
  journal={arXiv preprint arXiv:2303.04248},
  year={2023}
}

@article{frans2024one,
  title={One {S}tep {D}iffusion via {S}hortcut {M}odels},
  author={Frans, Kevin and Hafner, Danijar and Levine, Sergey and Abbeel, Pieter},
  journal={ICLR},
  year={2025}
}

@article{karras2022elucidating,
  title={Elucidating the {D}esign {S}pace of {D}iffusion-based {G}enerative {M}odels},
  author={Karras, Tero and Aittala, Miika and Aila, Timo and Laine, Samuli},
  journal={NeurIPS},
  year={2022}
}

@article{kim2023consistency,
  title={Consistency {T}rajectory {M}odels: {L}earning {P}robability {F}low {ODE} {T}rajectory of {D}iffusion},
  author={Kim, Dongjun and Lai, Chieh-Hsin and Liao, Wei-Hsiang and Murata, Naoki and Takida, Yuhta and Uesaka, Toshimitsu and He, Yutong and Mitsufuji, Yuki and Ermon, Stefano},
  journal={ICLR},
  year={2024}
}

@article{liu2023instaflow,
  title={Instaflow: {O}ne {S}tep is enough for {H}igh-quality {D}iffusion-based {T}ext-to-{I}mage {G}eneration},
  author={Liu, Xingchao and Zhang, Xiwen and Ma, Jianzhu and Peng, Jian and others},
  journal={ICLR},
  year={2023}
}

@article{lu2024simplifying,
  title={Simplifying, {S}tabilizing and {S}caling {C}ontinuous-time {C}onsistency {M}odels},
  author={Lu, Cheng and Song, Yang},
  journal={ICLR},
  year={2025}
}

@article{lukoianov2024score,
  title={Score {D}istillation via {R}eparametrized {DDIM}},
  author={Lukoianov, Artem and Borde, Haitz S{\'a}ez de Oc{\'a}riz and Greenewald, Kristjan and Guizilini, Vitor Campagnolo and Bagautdinov, Timur and Sitzmann, Vincent and Solomon, Justin},
  journal={arXiv preprint arXiv:2405.15891},
  year={2024}
}

@article{poole2022dreamfusion,
  title={Dreamfusion: {T}ext-to-3{D} using 2{D} {D}iffusion},
  author={Poole, Ben and Jain, Ajay and Barron, Jonathan T and Mildenhall, Ben},
  journal={ICLR},
  year={2023}
}

@article{salimans2022progressive,
  title={Progressive {D}istillation for {F}ast {S}ampling of {D}iffusion {M}odels},
  author={Salimans, Tim and Ho, Jonathan},
  journal={ICLR},
  year={2022}
}

@article{sauer2024fast,
  title={Fast {H}igh-{R}esolution {I}mage {S}ynthesis with {L}atent {A}dversarial {D}iffusion {D}istillation},
  author={Sauer, Axel and Boesel, Frederic and Dockhorn, Tim and Blattmann, Andreas and Esser, Patrick and Rombach, Robin},
 journal={SIGGRAPH},
year={2024}
}

@article{sauer2025adversarial,
  title={Adversarial {D}iffusion {D}istillation},
  author={Sauer, Axel and Lorenz, Dominik and Blattmann, Andreas and Rombach, Robin},
 journal={ECCV},
year={2025}
}

@article{song2023consistency,
  title={Consistency {M}odels},
  author={Song, Yang and Dhariwal, Prafulla and Chen, Mark and Sutskever, Ilya},
  journal={ICML},
  year={2023}
}

@article{wang2024prolificdreamer,
  title={Prolificdreamer: {H}igh-{F}idelity and {D}iverse {T}ext-to-{3D} {G}eneration with {V}ariational {S}core {D}istillation},
  author={Wang, Zhengyi and Lu, Cheng and Wang, Yikai and Bao, Fan and Li, Chongxuan and Su, Hang and Zhu, Jun},
  journal={NeurIPS},
  year={2024}
}

@article{yin2024improved,
  title={Improved {D}istribution {M}atching {D}istillation for {F}ast {I}mage {S}ynthesis},
  author={Yin, Tianwei and Gharbi, Micha{\"e}l and Park, Taesung and Zhang, Richard and Shechtman, Eli and Durand, Fredo and Freeman, William T},
  journal={NeurIPS},
  year={2024}
}

@article{yin2024one,
  title={{O}ne-{S}tep {D}iffusion with {D}istribution {M}atching {D}istillation},
  author={Yin, Tianwei and Gharbi, Micha{\"e}l and Zhang, Richard and Shechtman, Eli and Durand, Fredo and Freeman, William T and Park, Taesung},
 journal={CVPR},
  year={2024}
}

@article{zhou2024adversarial,
  title={Adversarial {S}core identity {D}istillation: {R}apidly {S}urpassing the {T}eacher in {O}ne {S}tep},
  author={Zhou, Mingyuan and Zheng, Huangjie and Gu, Yi and Wang, Zhendong and Huang, Hai},
  journal={ICLR},
  year={2025}
}

@article{zhou2024score,
  title={Score {I}dentity {D}istillation: {E}xponentially {F}ast {D}istillation of {P}retrained {D}iffusion {M}odels for {O}ne-{S}tep {G}eneration},
  author={Zhou, Mingyuan and Zheng, Huangjie and Wang, Zhendong and Yin, Mingzhang and Huang, Hai},
  journal={ICML},
  year={2024}
}

@article{zhu2025slimflow,
  title={Slimflow: {T}raining {S}maller {O}ne-{S}tep {D}iffusion {M}odels with {R}ectified {F}low},
  author={Zhu, Yuanzhi and Liu, Xingchao and Liu, Qiang},
 journal={ECCV},
year={2025}

}

