
@String(PAMI = {IEEE Trans. Pattern Anal. Mach. Intell.})
@String(IJCV = {Int. J. Comput. Vis.})
@String(CVPR= {IEEE Conf. Comput. Vis. Pattern Recog.})
@String(ICCV= {Int. Conf. Comput. Vis.})
@String(ECCV= {Eur. Conf. Comput. Vis.})
@String(NIPS= {Adv. Neural Inform. Process. Syst.})
@String(ICPR = {Int. Conf. Pattern Recog.})
@String(BMVC= {Brit. Mach. Vis. Conf.})
@String(TOG= {ACM Trans. Graph.})
@String(TIP  = {IEEE Trans. Image Process.})
@String(TVCG  = {IEEE Trans. Vis. Comput. Graph.})
@String(TMM  = {IEEE Trans. Multimedia})
@String(ACMMM= {ACM Int. Conf. Multimedia})
@String(ICME = {Int. Conf. Multimedia and Expo})
@String(ICASSP=	{ICASSP})
@String(ICIP = {IEEE Int. Conf. Image Process.})
@String(ACCV  = {ACCV})
@String(ICLR = {Int. Conf. Learn. Represent.})
@String(ICML  = {Int. Conf. on Machine Learnin})
@String(IJCAI = {IJCAI})
@String(PR   = {Pattern Recognition})
@String(AAAI = {AAAI})
@String(CVPRW= {IEEE Conf. Comput. Vis. Pattern Recog. Worksh.})
@String(CSVT = {IEEE Trans. Circuit Syst. Video Technol.})
@String(SIGGRAPH = {ACM SIGGRAPH})

@String(SPL	= {IEEE Sign. Process. Letters})
@String(VR   = {Vis. Res.})
@String(JOV	 = {J. Vis.})
@String(TVC  = {The Vis. Comput.})
@String(JCST  = {J. Comput. Sci. Tech.})
@String(CGF  = {Comput. Graph. Forum})
@String(CVM = {Computational Visual Media})


@String(PAMI  = {IEEE TPAMI})
@String(IJCV  = {IJCV})
@String(CVPR  = {CVPR})
@String(ICCV  = {ICCV})
@String(ECCV  = {ECCV})
@String(NeurIPS  = {NeurIPS})
@String(ICPR  = {ICPR})
@String(BMVC  =	{BMVC})
@String(TOG   = {ACM TOG})
@String(TIP   = {IEEE TIP})
@String(TVCG  = {IEEE TVCG})
@String(TCSVT = {IEEE TCSVT})
@String(TMM   =	{IEEE TMM})
@String(ACMMM = {ACM MM})
@String(ICME  =	{ICME})
@String(ICASSP=	{ICASSP})
@String(ICIP  = {ICIP})
@String(ACCV  = {ACCV})
@String(ICLR  = {ICLR})
@String(IJCAI = {IJCAI})
@String(PR = {PR})
@String(AAAI = {AAAI})
@String(CVPRW= {CVPRW})
@String(CSVT = {IEEE TCSVT})
@article{
liu2023flow,
title={Flow {S}traight and {F}ast: {L}earning to {G}enerate and {T}ransfer {D}ata with {R}ectified {F}low},
author={Xingchao Liu and Chengyue Gong and qiang liu},
journal={ICLR},
year={2023},
}

@article{esser2024scaling,
  title={Scaling {R}ectified {R}low {T}ransformers for {H}igh-{R}esolution {I}mage {S}ynthesis},
  author={Esser, Patrick and Kulal, Sumith and Blattmann, Andreas and Entezari, Rahim and M{\"u}ller, Jonas and Saini, Harry and Levi, Yam and Lorenz, Dominik and Sauer, Axel and Boesel, Frederic and others},
 journal={ICML},
  year={2024}
}

@article{poole2022dreamfusion,
  title={Dreamfusion: {T}ext-to-3{D} using 2{D} {D}iffusion},
  author={Poole, Ben and Jain, Ajay and Barron, Jonathan T and Mildenhall, Ben},
  journal={ICLR},
  year={2023}
}

@article{wang2024prolificdreamer,
  title={Prolificdreamer: {H}igh-{F}idelity and {D}iverse {T}ext-to-{3D} {G}eneration with {V}ariational {S}core {D}istillation},
  author={Wang, Zhengyi and Lu, Cheng and Wang, Yikai and Bao, Fan and Li, Chongxuan and Su, Hang and Zhu, Jun},
  journal={NeurIPS},
  year={2024}
}

@article{yin2024one,
  title={{O}ne-{S}tep {D}iffusion with {D}istribution {M}atching {D}istillation},
  author={Yin, Tianwei and Gharbi, Micha{\"e}l and Zhang, Richard and Shechtman, Eli and Durand, Fredo and Freeman, William T and Park, Taesung},
 journal={CVPR},
  year={2024}
}

@article{luo2024diff,
  title={Diff-{I}nstruct: {A} {U}niversal {A}pproach for {T}ransferring {K}nowledge {F}rom {P}re-trained {D}iffusion {M}odels},
  author={Luo, Weijian and Hu, Tianyang and Zhang, Shifeng and Sun, Jiacheng and Li, Zhenguo and Zhang, Zhihua},
  journal={NeurIPS},
  year={2024}
}

@article{nguyen2024swiftbrush,
  title={Swiftbrush: {O}ne-{S}tep {T}ext-to-{I}mage {D}iffusion {M}odel with {V}ariational {S}core {D}istillation},
  author={Nguyen, Thuan Hoang and Tran, Anh},
 journal={CVPR},
  year={2024}
}

@article{yin2024improved,
  title={Improved {D}istribution {M}atching {D}istillation for {F}ast {I}mage {S}ynthesis},
  author={Yin, Tianwei and Gharbi, Micha{\"e}l and Park, Taesung and Zhang, Richard and Shechtman, Eli and Durand, Fredo and Freeman, William T},
  journal={NeurIPS},
  year={2024}
}

@article{zhu2025slimflow,
  title={Slimflow: {T}raining {S}maller {O}ne-{S}tep {D}iffusion {M}odels with {R}ectified {F}low},
  author={Zhu, Yuanzhi and Liu, Xingchao and Liu, Qiang},
 journal={ECCV},
year={2025}

}

@article{sauer2025adversarial,
  title={Adversarial {D}iffusion {D}istillation},
  author={Sauer, Axel and Lorenz, Dominik and Blattmann, Andreas and Rombach, Robin},
 journal={ECCV},
year={2025}
}

@article{sauer2024fast,
  title={Fast {H}igh-{R}esolution {I}mage {S}ynthesis with {L}atent {A}dversarial {D}iffusion {D}istillation},
  author={Sauer, Axel and Boesel, Frederic and Dockhorn, Tim and Blattmann, Andreas and Esser, Patrick and Rombach, Robin},
 journal={SIGGRAPH},
year={2024}
}

@article{wang2022diffusion,
  title={Diffusion-{GAN}: {T}raining {GAN}s with {D}iffusion},
  author={Wang, Zhendong and Zheng, Huangjie and He, Pengcheng and Chen, Weizhu and Zhou, Mingyuan},
  journal={ICLR},
  year={2023}
}

@article{xu2024ufogen,
  title={{UFOGen}: {Y}ou {F}orward {O}nce {L}arge {S}cale {T}ext-to-{I}mage {G}eneration via {D}iffusion {GAN}s},
  author={Xu, Yanwu and Zhao, Yang and Xiao, Zhisheng and Hou, Tingbo},
 journal={CVPR},
  year={2024}
}

@article{frans2024one,
  title={One {S}tep {D}iffusion via {S}hortcut {M}odels},
  author={Frans, Kevin and Hafner, Danijar and Levine, Sergey and Abbeel, Pieter},
  journal={ICLR},
  year={2025}
}

@article{xie2024distillation,
  title={EM {D}istillation for {O}ne-{S}tep {D}iffusion {M}odels},
  author={Xie, Sirui and Xiao, Zhisheng and Kingma, Diederik P and Hou, Tingbo and Wu, Ying Nian and Murphy, Kevin Patrick and Salimans, Tim and Poole, Ben and Gao, Ruiqi},
  journal={NeurIPS},
  year={2024}
}

@article{ddpm2020neurips,
 author = {Ho, Jonathan and Jain, Ajay and Abbeel, Pieter},
journal = {NeurIPS},
 title = {Denoising {D}iffusion {P}robabilistic {M}odels},
 year = {2020}
}

@article{lipman2022flow,
  title={Flow {M}atching for {G}enerative {M}odeling},
  author={Lipman, Yaron and Chen, Ricky TQ and Ben-Hamu, Heli and Nickel, Maximilian and Le, Matt},
  journal={ICLR},
  year={2023}
}

@article{albergo2023stochastic,
  title={Stochastic {I}nterpolants: {A} {U}nifying {F}ramework for {F}lows and {D}iffusions},
  author={Albergo, Michael S and Boffi, Nicholas M and Vanden-Eijnden, Eric},
  journal={arXiv preprint arXiv:2303.08797},
  year={2023}
}

@article{li2024flowdreamer,
  title={FlowDreamer: {E}xploring {H}igh {F}idelity {T}ext-to-{3D} {D}eneration via {R}ectified {F}low},
  author={Li, Hangyu and Chu, Xiangxiang and Shi, Dingyuan and Lin, Wang},
  journal={ICLR},
  year={2025}
}

@article{chen2018neural,
  title={Neural {O}rdinary {D}ifferential {E}quations},
  author={Chen, Ricky TQ and Rubanova, Yulia and Bettencourt, Jesse and Duvenaud, David K},
  journal={NeurIPS},
  year={2018}
}

@article{grathwohl2018ffjord,
  title={FFJORD: {F}ree-form {C}ontinuous {D}ynamics for {S}calable {R}eversible {G}enerative {M}odels},
  author={Grathwohl, Will and Chen, Ricky TQ and Bettencourt, Jesse and Sutskever, Ilya and Duvenaud, David},
  journal={ICLR},
  year={2019}
}

@article{liu2023instaflow,
  title={Instaflow: {O}ne {S}tep is enough for {H}igh-quality {D}iffusion-based {T}ext-to-{I}mage {G}eneration},
  author={Liu, Xingchao and Zhang, Xiwen and Ma, Jianzhu and Peng, Jian and others},
  journal={ICLR},
  year={2023}
}

@article{rombach2022high,
  title={High-resolution {I}mage {S}ynthesis with {L}atent {D}iffusion {M}odels},
  author={Rombach, Robin and Blattmann, Andreas and Lorenz, Dominik and Esser, Patrick and Ommer, Bj{\"o}rn},
  journal={CVPR},
  year={2022}
}

@article{song2020score,
  title={Score-based {G}enerative {M}odeling through {S}tochastic {D}ifferential {E}quations},
  author={Song, Yang and Sohl-Dickstein, Jascha and Kingma, Diederik P and Kumar, Abhishek and Ermon, Stefano and Poole, Ben},
  journal={ICLR},
  year={2021}
}

@article{salimans2022progressive,
  title={Progressive {D}istillation for {F}ast {S}ampling of {D}iffusion {M}odels},
  author={Salimans, Tim and Ho, Jonathan},
  journal={ICLR},
  year={2022}
}


@article{song2023consistency,
  title={Consistency {M}odels},
  author={Song, Yang and Dhariwal, Prafulla and Chen, Mark and Sutskever, Ilya},
  journal={ICML},
  year={2023}
}

@article{kim2023consistency,
  title={Consistency {T}rajectory {M}odels: {L}earning {P}robability {F}low {ODE} {T}rajectory of {D}iffusion},
  author={Kim, Dongjun and Lai, Chieh-Hsin and Liao, Wei-Hsiang and Murata, Naoki and Takida, Yuhta and Uesaka, Toshimitsu and He, Yutong and Mitsufuji, Yuki and Ermon, Stefano},
  journal={ICLR},
  year={2024}
}

@article{gu2023boot,
  title={Boot: {D}ata-free {D}istillation of {D}enoising {D}iffusion {M}odels with {B}ootstrapping},
  author={Gu, Jiatao and Zhai, Shuangfei and Zhang, Yizhe and Liu, Lingjie and Susskind, Joshua M},
  journal={ICML},
  year={2023}
}
@article{karras2022elucidating,
  title={Elucidating the {D}esign {S}pace of {D}iffusion-based {G}enerative {M}odels},
  author={Karras, Tero and Aittala, Miika and Aila, Timo and Laine, Samuli},
  journal={NeurIPS},
  year={2022}
}
@article{dhariwal2021diffusion,
  title={Diffusion {M}odels {B}eat {GAN}s on {I}mage {S}ynthesis},
  author={Dhariwal, Prafulla and Nichol, Alexander},
  journal={NeurIPS},
  year={2021}
}

@article{szegedy2016rethinking,
  title={Rethinking the {I}nception {A}rchitecture for {C}omputer {V}ision},
  author={Szegedy, Christian and Vanhoucke, Vincent and Ioffe, Sergey and Shlens, Jon and Wojna, Zbigniew},
  journal={CVPR},
  year={2016}
}

@article{russakovsky2015imagenet,
  title={Imagenet {L}arge {S}cale {V}isual {R}ecognition {C}hallenge},
  author={Russakovsky, Olga and Deng, Jia and Su, Hao and Krause, Jonathan and Satheesh, Sanjeev and Ma, Sean and Huang, Zhiheng and Karpathy, Andrej and Khosla, Aditya and Bernstein, Michael and others},
  journal={IJCV},
  year={2015}
}

@article{kynkaanniemi2019improved,
  title={Improved {P}recision and {R}ecall {M}etric for {A}ssessing {G}enerative {M}odels},
  author={Kynk{\"a}{\"a}nniemi, Tuomas and Karras, Tero and Laine, Samuli and Lehtinen, Jaakko and Aila, Timo},
  journal={NeurIPS},
  year={2019}
}
@article{salimans2016improved,
  title={Improved {T}echniques for {T}raining {GAN}s},
  author={Salimans, Tim and Goodfellow, Ian and Zaremba, Wojciech and Cheung, Vicki and Radford, Alec and Chen, Xi},
  journal={NeurIPS},
  year={2016}
}

@article{heusel2017gans,
  title={GANs {T}rained by a {T}wo {T}ime-{S}cale {U}pdate {R}ule {C}onverge to a {L}ocal {N}ash {E}quilibrium},
  author={Heusel, Martin and Ramsauer, Hubert and Unterthiner, Thomas and Nessler, Bernhard and Hochreiter, Sepp},
  journal={NeurIPS},
  year={2017}
}

@article{lu2022dpm,
  title={Dpm-{S}olver: {A} {F}ast {ODE} {S}olver for {D}iffusion {P}robabilistic {M}odel {S}ampling in around 10 {S}teps},
  author={Lu, Cheng and Zhou, Yuhao and Bao, Fan and Chen, Jianfei and Li, Chongxuan and Zhu, Jun},
  journal={NeurIPS},
  year={2022}
}

@article{berthelot2023tract,
  title={Tract: {D}enoising {D}iffusion {M}odels with {T}ransitive {C}losure {T}ime-{D}istillation},
  author={Berthelot, David and Autef, Arnaud and Lin, Jierui and Yap, Dian Ang and Zhai, Shuangfei and Hu, Siyuan and Zheng, Daniel and Talbott, Walter and Gu, Eric},
  journal={arXiv preprint arXiv:2303.04248},
  year={2023}
}
@article{zhou2024adversarial,
  title={Adversarial {S}core identity {D}istillation: {R}apidly {S}urpassing the {T}eacher in {O}ne {S}tep},
  author={Zhou, Mingyuan and Zheng, Huangjie and Gu, Yi and Wang, Zhendong and Huang, Hai},
  journal={ICLR},
  year={2025}
}

@article{lukoianov2024score,
  title={Score {D}istillation via {R}eparametrized {DDIM}},
  author={Lukoianov, Artem and Borde, Haitz S{\'a}ez de Oc{\'a}riz and Greenewald, Kristjan and Guizilini, Vitor Campagnolo and Bagautdinov, Timur and Sitzmann, Vincent and Solomon, Justin},
  journal={arXiv preprint arXiv:2405.15891},
  year={2024}
}
@article{zhou2024score,
  title={Score {I}dentity {D}istillation: {E}xponentially {F}ast {D}istillation of {P}retrained {D}iffusion {M}odels for {O}ne-{S}tep {G}eneration},
  author={Zhou, Mingyuan and Zheng, Huangjie and Wang, Zhendong and Yin, Mingzhang and Huang, Hai},
  journal={ICML},
  year={2024}
}

@article{lu2024simplifying,
  title={Simplifying, {S}tabilizing and {S}caling {C}ontinuous-time {C}onsistency {M}odels},
  author={Lu, Cheng and Song, Yang},
  journal={ICLR},
  year={2025}
}

@article{frans2025one,
  title={One {S}tep {D}iffusion via {S}hortcut {M}odels},
  author={Frans, Kevin and Hafner, Danijar and Levine, Sergey and Abbeel, Pieter},
  journal={ICLR},
  year={2025}
}

@article{song2020denoising,
  title={Denoising {D}iffusion {I}mplicit {M}odels},
  author={Song, Jiaming and Meng, Chenlin and Ermon, Stefano},
  journal={arXiv preprint arXiv:2010.02502},
  year={2020}
}

@article{zhang2022fast,
  title={Fast {S}ampling of {D}iffusion {M}odels with {E}xponential {I}ntegrator},
  author={Zhang, Qinsheng and Chen, Yongxin},
  journal={arXiv preprint arXiv:2204.13902},
  year={2022}
}

@article{liu2022flow,
  title={Flow {S}traight and {F}ast: {L}earning to {G}enerate and {T}ransfer {D}ata with {R}ectified {F}low},
  author={Liu, Xingchao and Gong, Chengyue and Liu, Qiang},
  journal={ICLR},
  year={2023}
}
@article{zhou2024fast,
  title={Fast {ODE}-based {S}ampling for {D}iffusion {M}odels in around 5 {S}teps},
  author={Zhou, Zhenyu and Chen, Defang and Wang, Can and Chen, Chun},
  journal={CVPR},
  year={2024}
}
