@INPROCEEDINGS{7158331,
  author={Kumar, Devinder and Wong, Alexander and Clausi, David A.},
  booktitle={2015 12th Conference on Computer and Robot Vision}, 
  title={Lung Nodule Classification Using Deep Features in CT Images}, 
  year={2015},
  volume={},
  number={},
  pages={133-138},
  keywords={Feature extraction;Cancer;Lungs;Design automation;Computed tomography;Accuracy;Decision trees;Computer-aided diagnosis (CAD);LIDC;deep features;autoencoder;lung nodule},
  doi={10.1109/CRV.2015.25}}

@ARTICLE{8624570,
  author={Hussein, Sarfaraz and Kandel, Pujan and Bolan, Candice W. and Wallace, Michael B. and Bagci, Ulas},
  journal={IEEE Transactions on Medical Imaging}, 
  title={Lung and Pancreatic Tumor Characterization in the Deep Learning Era: Novel Supervised and Unsupervised Learning Approaches}, 
  year={2019},
  volume={38},
  number={8},
  pages={1777-1787},
  keywords={Lung;Unsupervised learning;Tumors;Cancer;Three-dimensional displays;Feature extraction;Deep learning;Unsupervised learning;lung cancer;3D CNN;IPMN;pancreatic cancer},
  doi={10.1109/TMI.2019.2894349}}

@article{LIU2018262,
title = {Multi-view multi-scale CNNs for lung nodule type classification from CT images},
journal = {Pattern Recognition},
volume = {77},
pages = {262-275},
year = {2018},
issn = {0031-3203},
doi = {https://doi.org/10.1016/j.patcog.2017.12.022},
url = {https://www.sciencedirect.com/science/article/pii/S0031320317305186},
author = {Xinglong Liu and Fei Hou and Hong Qin and Aimin Hao},
keywords = {Computed tomography, Lung nodule, CNNs},
}

@article{WANG2024105646,
title = {Towards reliable and explainable AI model for pulmonary nodule diagnosis},
journal = {Biomedical Signal Processing and Control},
volume = {88},
pages = {105646},
year = {2024},
issn = {1746-8094},
doi = {https://doi.org/10.1016/j.bspc.2023.105646},
url = {https://www.sciencedirect.com/science/article/pii/S1746809423010790},
author = {Chenglong Wang and Yun Liu and Fen Wang and Chengxiu Zhang and Yida Wang and Mei Yuan and Guang Yang},
keywords = {Deep learning, CAD, Interpretability, Pulmonary Nodule, Nodule characteristics},
}

@inproceedings{afshar2018brain,
  title={Brain tumor type classification via capsule networks},
  author={Afshar, Parnian and Mohammadi, Arash and Plataniotis, Konstantinos N},
  booktitle={2018 25th IEEE international conference on image processing (ICIP)},
  pages={3129--3133},
  year={2018},
  organization={IEEE}
}

@article{alzu2022kidney,
  title={Kidney tumor detection and classification based on deep learning approaches: a new dataset in CT scans},
  author={Alzu’bi, Dalia and Abdullah, Malak and Hmeidi, Ismail and AlAzab, Rami and Gharaibeh, Maha and El-Heis, Mwaffaq and Almotairi, Khaled H and Forestiero, Agostino and Hussein, Ahmad MohdAziz and Abualigah, Laith},
  journal={Journal of Healthcare Engineering},
  volume={2022},
  number={1},
  pages={3861161},
  year={2022},
  publisher={Wiley Online Library}
}

@article{ayadi2021deep,
  title={Deep CNN for brain tumor classification},
  author={Ayadi, Wadhah and Elhamzi, Wajdi and Charfi, Imen and Atri, Mohamed},
  journal={Neural processing letters},
  volume={53},
  pages={671--700},
  year={2021},
  publisher={Springer}
}

@article{bahadure2018comparative,
  title={Comparative approach of MRI-based brain tumor segmentation and classification using genetic algorithm},
  author={Bahadure, Nilesh Bhaskarrao and Ray, Arun Kumar and Thethi, Har Pal},
  journal={Journal of digital imaging},
  volume={31},
  pages={477--489},
  year={2018},
  publisher={Springer}
}

@article{bogomolov2017development,
  title={Development and testing of an LED-based near-infrared sensor for human kidney tumor diagnostics},
  author={Bogomolov, Andrey and Zabarylo, Urszula and Kirsanov, Dmitry and Belikova, Valeria and Ageev, Vladimir and Usenov, Iskander and Galyanin, Vladislav and Minet, Olaf and Sakharova, Tatiana and Danielyan, Georgy and others},
  journal={Sensors},
  volume={17},
  number={8},
  pages={1914},
  year={2017},
  publisher={MDPI}
}

@article{cheng2015enhanced,
  title={Enhanced performance of brain tumor classification via tumor region augmentation and partition},
  author={Cheng, Jun and Huang, Wei and Cao, Shuangliang and Yang, Ru and Yang, Wei and Yun, Zhaoqiang and Wang, Zhijian and Feng, Qianjin},
  journal={PloS one},
  volume={10},
  number={10},
  pages={e0140381},
  year={2015},
  publisher={Public Library of Science San Francisco, CA USA}
}

@article{erdim2020prediction,
  title={Prediction of benign and malignant solid renal masses: machine learning-based CT texture analysis},
  author={Erdim, Cagri and Yardimci, Aytul Hande and Bektas, Ceyda Turan and Kocak, Burak and Koca, Sevim Baykal and Demir, Hale and Kilickesmez, Ozgur},
  journal={Academic radiology},
  volume={27},
  number={10},
  pages={1422--1429},
  year={2020},
  publisher={Elsevier}
}

@article{feng2018machine,
  title={Machine learning-based quantitative texture analysis of CT images of small renal masses: differentiation of angiomyolipoma without visible fat from renal cell carcinoma},
  author={Feng, Zhichao and Rong, Pengfei and Cao, Peng and Zhou, Qingyu and Zhu, Wenwei and Yan, Zhimin and Liu, Qianyun and Wang, Wei},
  journal={European radiology},
  volume={28},
  pages={1625--1633},
  year={2018},
  publisher={Springer}
}

@article{gumaei2019hybrid,
  title={A hybrid feature extraction method with regularized extreme learning machine for brain tumor classification},
  author={Gumaei, Abdu and Hassan, Mohammad Mehedi and Hassan, Md Rafiul and Alelaiwi, Abdulhameed and Fortino, Giancarlo},
  journal={IEEE Access},
  volume={7},
  pages={36266--36273},
  year={2019},
  publisher={IEEE}
}

@inproceedings{ismael2018brain,
  title={Brain tumor classification via statistical features and back-propagation neural network},
  author={Ismael, Mustafa R and Abdel-Qader, Ikhlas},
  booktitle={2018 IEEE international conference on electro/information technology (EIT)},
  pages={0252--0257},
  year={2018},
  organization={IEEE}
}

@techreport{khan2023recentsurveyvisiontransformers,
      title={A Recent Survey of Vision Transformers for Medical Image Segmentation}, 
      author={Asifullah Khan and Zunaira Rauf and Abdul Rehman Khan and Saima Rathore and Saddam Hussain Khan and Najmus Saher Shah and Umair Farooq and Hifsa Asif and Aqsa Asif and Umme Zahoora and Rafi Ullah Khalil and Suleman Qamar and Umme Hani Asif and Faiza Babar Khan and Abdul Majid and Jeonghwan Gwak},
      year={2023},
      eprint={2312.00634},
      archivePrefix={arXiv},
      primaryClass={eess.IV},
      url={https://arxiv.org/abs/2312.00634}, 
}

@article{kim04,
author = {D.-Y. Kim and J.-W. Park},
title = {Computer-Aided Detection of Kidney Tumor on Abdominal Computed Tomography Scans},
journal = {Acta Radiologica},
volume = {45},
number = {7},
pages = {791--795},
year = {2004},
publisher = {Taylor \& Francis},
doi = {10.1080/02841850410001312},
}

@article{lin2021automated,
  title={Automated segmentation of kidney and renal mass and automated detection of renal mass in CT urography using 3D U-Net-based deep convolutional neural network},
  author={Lin, Zhiyong and Cui, Yingpu and Liu, Jia and Sun, Zhaonan and Ma, Shuai and Zhang, Xiaodong and Wang, Xiaoying},
  journal={European Radiology},
  volume={31},
  pages={5021--5031},
  year={2021},
  publisher={Springer}
}

@inproceedings{medina2023high,
  title={High Accuracy Brain Tumor Classification with {EfficientNet} and Magnetic Resonance Images},
  author={Medina, Juan Manuel and Sánchez, Javier},
  year={2023},
  booktitle = {5th International Conference on Advances in Signal Processing and Artificial Intelligence},
  publisher={International Frequency Sensor Association (IFSA) Publishing, SL}
}

@article{ozbay2024kidney,
  title={Kidney Tumor Classification on CT images using Self-supervised Learning},
  author={{\"O}zbay, Erdal and {\"O}zbay, Feyza Altunbey and Gharehchopogh, Farhad Soleimanian},
  journal={Computers in Biology and Medicine},
  volume={176},
  pages={108554},
  year={2024},
  publisher={Elsevier}
}

@inproceedings{praveen2023resnet,
  title={ResNet and ResNeXt-Powered Kidney Tumor Detection: A Robust Approach on a Subset of the KAUH Dataset},
  author={Praveen, S Phani and Sidharth, Sampathi Rao and Priya, Teella Komali and Kavuri, Yaswant Sai and Sindhura, Salopantula Mani and Donepudi, Swapna},
  booktitle={2023 2nd International Conference on Automation, Computing and Renewable Systems (ICACRS)},
  pages={749--757},
  year={2023},
  organization={IEEE}
}

@article{rathnayaka2019kidney,
  title={Kidney Tumor Detection using Attention based U-Net},
  author={Rathnayaka, Prabod and Jayasundara, Vinoj and Nawaratne, Rashmika and De Silva, Daswin and Ranasinghe, Weranja and Alahakoon, Damminda},
  year={2019},
  publisher={University of Minnesota Libraries Publishing}
}

@article{reyes2024performance,
title = {Performance of convolutional neural networks for the classification of brain tumors using magnetic resonance imaging},
journal = {Heliyon},
volume = {10},
number = {3},
pages = {e25468},
year = {2024},
issn = {2405-8440},
doi = {https://doi.org/10.1016/j.heliyon.2024.e25468},
url = {https://www.sciencedirect.com/science/article/pii/S2405844024014993},
author = {Daniel Reyes and Javier Sánchez},
}

@article{sajjad2019multi,
  title={Multi-grade brain tumor classification using deep CNN with extensive data augmentation},
  author={Sajjad, Muhammad and Khan, Salman and Muhammad, Khan and Wu, Wanqing and Ullah, Amin and Baik, Sung Wook},
  journal={Journal of computational science},
  volume={30},
  pages={174--182},
  year={2019},
  publisher={Elsevier}
}

@inproceedings{sathishkumar2019detection,
  title={Detection of lung cancer using SVM classifier and KNN algorithm},
  author={Sathishkumar, R and Kalaiarasan, K and Prabhakaran, A and Aravind, M},
  booktitle={2019 IEEE International Conference on System, Computation, Automation and Networking (ICSCAN)},
  pages={1--7},
  year={2019},
  organization={IEEE}
}

@InProceedings{shen15,
author="Shen, Wei
and Zhou, Mu
and Yang, Feng
and Yang, Caiyun
and Tian, Jie",
editor="Ourselin, Sebastien
and Alexander, Daniel C.
and Westin, Carl-Fredrik
and Cardoso, M. Jorge",
title="Multi-scale Convolutional Neural Networks for Lung Nodule Classification",
booktitle="Information Processing in Medical Imaging",
year="2015",
publisher="Springer International Publishing",
address="Cham",
pages="588--599",
isbn="978-3-319-19992-4"
}

@article{srinivas2022deep,
  title={Deep transfer learning approaches in performance analysis of brain tumor classification using MRI images},
  author={Srinivas, Chetana and KS, Nandini Prasad and Zakariah, Mohammed and Alothaibi, Yousef Ajmi and Shaukat, Kamran and Partibane, B and Awal, Halifa},
  journal={Journal of Healthcare Engineering},
  volume={2022},
  number={1},
  pages={3264367},
  year={2022},
  publisher={Wiley Online Library}
}

@article{zhang2019ensemble,
  title={Ensemble learners of multiple deep CNNs for pulmonary nodules classification using CT images},
  author={Zhang, Baihua and Qi, Shouliang and Monkam, Patrice and Li, Chen and Yang, Fan and Yao, Yu-Dong and Qian, Wei},
  journal={IEEE Access},
  volume={7},
  pages={110358--110371},
  year={2019},
  publisher={IEEE}
}

@inproceedings{zhou2016atlas,
  title={Atlas-based semi-automatic kidney tumor detection and segmentation in CT images},
  author={Zhou, Bowei and Chen, Li},
  booktitle={2016 9th International Congress on Image and Signal Processing, BioMedical Engineering and Informatics (CISP-BMEI)},
  pages={1397--1401},
  year={2016},
  organization={IEEE}
}

