@article{reyes2024performance,
title = {Performance of convolutional neural networks for the classification of brain tumors using magnetic resonance imaging},
journal = {Heliyon},
volume = {10},
number = {3},
pages = {e25468},
year = {2024},
issn = {2405-8440},
doi = {https://doi.org/10.1016/j.heliyon.2024.e25468},
url = {https://www.sciencedirect.com/science/article/pii/S2405844024014993},
author = {Daniel Reyes and Javier Sánchez},
}


@inproceedings{medina2023high,
  title={High Accuracy Brain Tumor Classification with {EfficientNet} and Magnetic Resonance Images},
  author={Medina, Juan Manuel and Sánchez, Javier},
  year={2023},
  booktitle = {5th International Conference on Advances in Signal Processing and Artificial Intelligence},
  publisher={International Frequency Sensor Association (IFSA) Publishing, SL}
}


@misc{brain-dataset,
  author    = {Kaggle},
  title     = {Multi Cancer Dataset},
  year      = {2022},
  howpublished = {\url{https://www.kaggle.com/datasets/obulisainaren/multi-cancer/data}},
  publisher = {Kaggle},
  note = "Accessed: 2018-06-26"
}


@article{deepak2019brain,
  title={Brain tumor classification using deep CNN features via transfer learning},
  author={Deepak, S and Ameer, PM},
  journal={Computers in biology and medicine},
  volume={111},
  pages={103345},
  year={2019},
  publisher={Elsevier}
}

@article{coudray2018classification,
  title={Classification and mutation prediction from non--small cell lung cancer histopathology images using deep learning},
  author={Coudray, Nicolas and Ocampo, Paolo Santiago and Sakellaropoulos, Theodore and Narula, Navneet and Snuderl, Matija and Feny{\"o}, David and Moreira, Andre L and Razavian, Narges and Tsirigos, Aristotelis},
  journal={Nature medicine},
  volume={24},
  number={10},
  pages={1559--1567},
  year={2018},
  publisher={Nature Publishing Group US New York}
}

@article{hermsen2019deep,
  title={Deep learning--based histopathologic assessment of kidney tissue},
  author={Hermsen, Meyke and de Bel, Thomas and Den Boer, Marjolijn and Steenbergen, Eric J and Kers, Jesper and Florquin, Sandrine and Roelofs, Joris JTH and Stegall, Mark D and Alexander, Mariam P and Smith, Byron H and others},
  journal={Journal of the American Society of Nephrology},
  volume={30},
  number={10},
  pages={1968--1979},
  year={2019},
  publisher={LWW}
}

@article{sung2021global,
  title={Global cancer statistics 2020: GLOBOCAN estimates of incidence and mortality worldwide for 36 cancers in 185 countries},
  author={Sung, Hyuna and Ferlay, Jacques and Siegel, Rebecca L and Laversanne, Mathieu and Soerjomataram, Isabelle and Jemal, Ahmedin and Bray, Freddie},
  journal={CA: a cancer journal for clinicians},
  volume={71},
  number={3},
  pages={209--249},
  year={2021},
  publisher={Wiley Online Library}
}

@article{cancerstatistics,
  title={Global Cancer Statistics 2022: the trends projection analysis},
  author={Chhikara, Bhupender S and Parang, Keykavous and others},
  journal={Chemical Biology Letters},
  volume={10},
  number={1},
  pages={451--451},
  year={2023}
}


@misc{kidney-dataset,
  author    = {Kaggle},
  title     = {{CT KIDNEY DATASET}: Normal-Cyst-Tumor and Stone},
  year      = {2022},
  howpublished = {\url{https://www.kaggle.com/datasets/nazmul0087/ct-kidney-dataset-normal-cyst-tumor-and-stone}},
  publisher = {Kaggle},
  note = "Accessed: 2018-06-26"
}


@article{lung-dataset-article,
    author = {Alyasriy, Hamdalla and AL-Huseiny, Muayed},
    title = {The {IQ-OTH/NCCD} lung cancer dataset},
    journal = {Mendeley Data, V4},
    doi = {10.17632/bhmdr45bh2.4}, 
    year = 2023
}

@misc{lung-dataset,
  author    = {Kaggle},
  title     = {The {IQ-OTH/NCCD} lung cancer dataset},
  year      = {2022},
  howpublished = {\url{https://www.kaggle.com/datasets/hamdallak/the-iqothnccd-lung-cancer-dataset}},
  publisher = {Kaggle},
  note = "Accessed: 2018-06-26"
}



@article{vit,
  title={An Image is Worth 16x16 Words: Transformers for Image Recognition at Scale},
  author={Alexey Dosovitskiy and Lucas Beyer and Alexander Kolesnikov and Dirk Weissenborn and Xiaohua Zhai and Thomas Unterthiner and Mostafa Dehghani and Matthias Minderer and Georg Heigold and Sylvain Gelly and Jakob Uszkoreit and Neil Houlsby},
  journal={ArXiv},
  year={2020},
  volume={abs/2010.11929},
  institution="Cornell University",
}

@InProceedings{swin,
    author    = {Liu, Ze and Lin, Yutong and Cao, Yue and Hu, Han and Wei, Yixuan and Zhang, Zheng and Lin, Stephen and Guo, Baining},
    title     = {Swin Transformer: Hierarchical Vision Transformer Using Shifted Windows},
    booktitle = {Proceedings of the IEEE/CVF International Conference on Computer Vision (ICCV)},
    month     = {October},
    year      = {2021},
    pages     = {10012-10022}
}

@InProceedings{swin2,
    author    = {Liu, Ze and Hu, Han and Lin, Yutong and Yao, Zhuliang and Xie, Zhenda and Wei, Yixuan and Ning, Jia and Cao, Yue and Zhang, Zheng and Dong, Li and Wei, Furu and Guo, Baining},
    title     = {Swin Transformer V2: Scaling Up Capacity and Resolution},
    booktitle = {Proceedings of the IEEE/CVF Conference on Computer Vision and Pattern Recognition (CVPR)},
    month     = {June},
    year      = {2022},
    pages     = {12009-12019}
}


@InProceedings{maxvit,
author="Tu, Zhengzhong
and Talebi, Hossein
and Zhang, Han
and Yang, Feng
and Milanfar, Peyman
and Bovik, Alan
and Li, Yinxiao",
editor="Avidan, Shai
and Brostow, Gabriel
and Ciss{\'e}, Moustapha
and Farinella, Giovanni Maria
and Hassner, Tal",
title="MaxViT: Multi-axis Vision Transformer",
booktitle="Computer Vision -- ECCV 2022",
year="2022",
publisher="Springer Nature Switzerland",
address="Cham",
pages="459--479",
isbn="978-3-031-20053-3"
}



@inproceedings{efficientnet,
  title={Efficientnetv2: Smaller models and faster training},
  author={Tan, Mingxing and Le, Quoc},
  booktitle={International conference on machine learning},
  pages={10096--10106},
  year={2021},
  organization={PMLR}
}


@techreport{khan2023recentsurveyvisiontransformers,
      title={A Recent Survey of Vision Transformers for Medical Image Segmentation}, 
      author={Asifullah Khan and Zunaira Rauf and Abdul Rehman Khan and Saima Rathore and Saddam Hussain Khan and Najmus Saher Shah and Umair Farooq and Hifsa Asif and Aqsa Asif and Umme Zahoora and Rafi Ullah Khalil and Suleman Qamar and Umme Hani Asif and Faiza Babar Khan and Abdul Majid and Jeonghwan Gwak},
      year={2023},
      eprint={2312.00634},
      archivePrefix={arXiv},
      primaryClass={eess.IV},
      url={https://arxiv.org/abs/2312.00634}, 
}

@article{erdim2020prediction,
  title={Prediction of benign and malignant solid renal masses: machine learning-based CT texture analysis},
  author={Erdim, Cagri and Yardimci, Aytul Hande and Bektas, Ceyda Turan and Kocak, Burak and Koca, Sevim Baykal and Demir, Hale and Kilickesmez, Ozgur},
  journal={Academic radiology},
  volume={27},
  number={10},
  pages={1422--1429},
  year={2020},
  publisher={Elsevier}
}

@article{feng2018machine,
  title={Machine learning-based quantitative texture analysis of CT images of small renal masses: differentiation of angiomyolipoma without visible fat from renal cell carcinoma},
  author={Feng, Zhichao and Rong, Pengfei and Cao, Peng and Zhou, Qingyu and Zhu, Wenwei and Yan, Zhimin and Liu, Qianyun and Wang, Wei},
  journal={European radiology},
  volume={28},
  pages={1625--1633},
  year={2018},
  publisher={Springer}
}

@article{cheng2015enhanced,
  title={Enhanced performance of brain tumor classification via tumor region augmentation and partition},
  author={Cheng, Jun and Huang, Wei and Cao, Shuangliang and Yang, Ru and Yang, Wei and Yun, Zhaoqiang and Wang, Zhijian and Feng, Qianjin},
  journal={PloS one},
  volume={10},
  number={10},
  pages={e0140381},
  year={2015},
  publisher={Public Library of Science San Francisco, CA USA}
}


@article{srinivas2022deep,
  title={Deep transfer learning approaches in performance analysis of brain tumor classification using MRI images},
  author={Srinivas, Chetana and KS, Nandini Prasad and Zakariah, Mohammed and Alothaibi, Yousef Ajmi and Shaukat, Kamran and Partibane, B and Awal, Halifa},
  journal={Journal of Healthcare Engineering},
  volume={2022},
  number={1},
  pages={3264367},
  year={2022},
  publisher={Wiley Online Library}
}

@article{kaplan2020brain,
  title={Brain tumor classification using modified local binary patterns (LBP) feature extraction methods},
  author={Kaplan, Kaplan and Kaya, Y{\i}lmaz and Kuncan, Melih and Ertun{\c{c}}, H Metin},
  journal={Medical hypotheses},
  volume={139},
  pages={109696},
  year={2020},
  publisher={Elsevier}
}


@article{ayadi2021deep,
  title={Deep CNN for brain tumor classification},
  author={Ayadi, Wadhah and Elhamzi, Wajdi and Charfi, Imen and Atri, Mohamed},
  journal={Neural processing letters},
  volume={53},
  pages={671--700},
  year={2021},
  publisher={Springer}
}


@article{noreen2020deep,
  title={A deep learning model based on concatenation approach for the diagnosis of brain tumor},
  author={Noreen, Neelum and Palaniappan, Sellappan and Qayyum, Abdul and Ahmad, Iftikhar and Imran, Muhammad and Shoaib, Muhammad},
  journal={IEEE access},
  volume={8},
  pages={55135--55144},
  year={2020},
  publisher={IEEE}
}

@article{LIU2018262,
title = {Multi-view multi-scale CNNs for lung nodule type classification from CT images},
journal = {Pattern Recognition},
volume = {77},
pages = {262-275},
year = {2018},
issn = {0031-3203},
doi = {https://doi.org/10.1016/j.patcog.2017.12.022},
url = {https://www.sciencedirect.com/science/article/pii/S0031320317305186},
author = {Xinglong Liu and Fei Hou and Hong Qin and Aimin Hao},
keywords = {Computed tomography, Lung nodule, CNNs},
}

@INPROCEEDINGS{7158331,
  author={Kumar, Devinder and Wong, Alexander and Clausi, David A.},
  booktitle={2015 12th Conference on Computer and Robot Vision}, 
  title={Lung Nodule Classification Using Deep Features in CT Images}, 
  year={2015},
  volume={},
  number={},
  pages={133-138},
  keywords={Feature extraction;Cancer;Lungs;Design automation;Computed tomography;Accuracy;Decision trees;Computer-aided diagnosis (CAD);LIDC;deep features;autoencoder;lung nodule},
  doi={10.1109/CRV.2015.25}}

@InProceedings{shen15,
author="Shen, Wei
and Zhou, Mu
and Yang, Feng
and Yang, Caiyun
and Tian, Jie",
editor="Ourselin, Sebastien
and Alexander, Daniel C.
and Westin, Carl-Fredrik
and Cardoso, M. Jorge",
title="Multi-scale Convolutional Neural Networks for Lung Nodule Classification",
booktitle="Information Processing in Medical Imaging",
year="2015",
publisher="Springer International Publishing",
address="Cham",
pages="588--599",
isbn="978-3-319-19992-4"
}
@article{WANG2024105646,
title = {Towards reliable and explainable AI model for pulmonary nodule diagnosis},
journal = {Biomedical Signal Processing and Control},
volume = {88},
pages = {105646},
year = {2024},
issn = {1746-8094},
doi = {https://doi.org/10.1016/j.bspc.2023.105646},
url = {https://www.sciencedirect.com/science/article/pii/S1746809423010790},
author = {Chenglong Wang and Yun Liu and Fen Wang and Chengxiu Zhang and Yida Wang and Mei Yuan and Guang Yang},
keywords = {Deep learning, CAD, Interpretability, Pulmonary Nodule, Nodule characteristics},
}

@article{rathnayaka2019kidney,
  title={Kidney Tumor Detection using Attention based U-Net},
  author={Rathnayaka, Prabod and Jayasundara, Vinoj and Nawaratne, Rashmika and De Silva, Daswin and Ranasinghe, Weranja and Alahakoon, Damminda},
  year={2019},
  publisher={University of Minnesota Libraries Publishing}
}

@ARTICLE{8624570,
  author={Hussein, Sarfaraz and Kandel, Pujan and Bolan, Candice W. and Wallace, Michael B. and Bagci, Ulas},
  journal={IEEE Transactions on Medical Imaging}, 
  title={Lung and Pancreatic Tumor Characterization in the Deep Learning Era: Novel Supervised and Unsupervised Learning Approaches}, 
  year={2019},
  volume={38},
  number={8},
  pages={1777-1787},
  keywords={Lung;Unsupervised learning;Tumors;Cancer;Three-dimensional displays;Feature extraction;Deep learning;Unsupervised learning;lung cancer;3D CNN;IPMN;pancreatic cancer},
  doi={10.1109/TMI.2019.2894349}}

@article{zhang2019ensemble,
  title={Ensemble learners of multiple deep CNNs for pulmonary nodules classification using CT images},
  author={Zhang, Baihua and Qi, Shouliang and Monkam, Patrice and Li, Chen and Yang, Fan and Yao, Yu-Dong and Qian, Wei},
  journal={IEEE Access},
  volume={7},
  pages={110358--110371},
  year={2019},
  publisher={IEEE}
}

@article{wang2017central,
  title={Central focused convolutional neural networks: Developing a data-driven model for lung nodule segmentation},
  author={Wang, Shuo and Zhou, Mu and Liu, Zaiyi and Liu, Zhenyu and Gu, Dongsheng and Zang, Yali and Dong, Di and Gevaert, Olivier and Tian, Jie},
  journal={Medical image analysis},
  volume={40},
  pages={172--183},
  year={2017},
  publisher={Elsevier}
}

@inproceedings{sathishkumar2019detection,
  title={Detection of lung cancer using SVM classifier and KNN algorithm},
  author={Sathishkumar, R and Kalaiarasan, K and Prabhakaran, A and Aravind, M},
  booktitle={2019 IEEE International Conference on System, Computation, Automation and Networking (ICSCAN)},
  pages={1--7},
  year={2019},
  organization={IEEE}
}

@article{gumaei2019hybrid,
  title={A hybrid feature extraction method with regularized extreme learning machine for brain tumor classification},
  author={Gumaei, Abdu and Hassan, Mohammad Mehedi and Hassan, Md Rafiul and Alelaiwi, Abdulhameed and Fortino, Giancarlo},
  journal={IEEE Access},
  volume={7},
  pages={36266--36273},
  year={2019},
  publisher={IEEE}
}

@article{sajjad2019multi,
  title={Multi-grade brain tumor classification using deep CNN with extensive data augmentation},
  author={Sajjad, Muhammad and Khan, Salman and Muhammad, Khan and Wu, Wanqing and Ullah, Amin and Baik, Sung Wook},
  journal={Journal of computational science},
  volume={30},
  pages={174--182},
  year={2019},
  publisher={Elsevier}
}



@article{kim04,
author = {D.-Y. Kim and J.-W. Park},
title = {Computer-Aided Detection of Kidney Tumor on Abdominal Computed Tomography Scans},
journal = {Acta Radiologica},
volume = {45},
number = {7},
pages = {791--795},
year = {2004},
publisher = {Taylor \& Francis},
doi = {10.1080/02841850410001312},
}

@inproceedings{zhou2016atlas,
  title={Atlas-based semi-automatic kidney tumor detection and segmentation in CT images},
  author={Zhou, Bowei and Chen, Li},
  booktitle={2016 9th International Congress on Image and Signal Processing, BioMedical Engineering and Informatics (CISP-BMEI)},
  pages={1397--1401},
  year={2016},
  organization={IEEE}
}

@article{bogomolov2017development,
  title={Development and testing of an LED-based near-infrared sensor for human kidney tumor diagnostics},
  author={Bogomolov, Andrey and Zabarylo, Urszula and Kirsanov, Dmitry and Belikova, Valeria and Ageev, Vladimir and Usenov, Iskander and Galyanin, Vladislav and Minet, Olaf and Sakharova, Tatiana and Danielyan, Georgy and others},
  journal={Sensors},
  volume={17},
  number={8},
  pages={1914},
  year={2017},
  publisher={MDPI}
}

@article{ozbay2024kidney,
  title={Kidney Tumor Classification on CT images using Self-supervised Learning},
  author={{\"O}zbay, Erdal and {\"O}zbay, Feyza Altunbey and Gharehchopogh, Farhad Soleimanian},
  journal={Computers in Biology and Medicine},
  volume={176},
  pages={108554},
  year={2024},
  publisher={Elsevier}
}

@inproceedings{praveen2023resnet,
  title={ResNet and ResNeXt-Powered Kidney Tumor Detection: A Robust Approach on a Subset of the KAUH Dataset},
  author={Praveen, S Phani and Sidharth, Sampathi Rao and Priya, Teella Komali and Kavuri, Yaswant Sai and Sindhura, Salopantula Mani and Donepudi, Swapna},
  booktitle={2023 2nd International Conference on Automation, Computing and Renewable Systems (ICACRS)},
  pages={749--757},
  year={2023},
  organization={IEEE}
}


@article{lin2021automated,
  title={Automated segmentation of kidney and renal mass and automated detection of renal mass in CT urography using 3D U-Net-based deep convolutional neural network},
  author={Lin, Zhiyong and Cui, Yingpu and Liu, Jia and Sun, Zhaonan and Ma, Shuai and Zhang, Xiaodong and Wang, Xiaoying},
  journal={European Radiology},
  volume={31},
  pages={5021--5031},
  year={2021},
  publisher={Springer}
}

@inproceedings{afshar2018brain,
  title={Brain tumor type classification via capsule networks},
  author={Afshar, Parnian and Mohammadi, Arash and Plataniotis, Konstantinos N},
  booktitle={2018 25th IEEE international conference on image processing (ICIP)},
  pages={3129--3133},
  year={2018},
  organization={IEEE}
}


@article{bahadure2018comparative,
  title={Comparative approach of MRI-based brain tumor segmentation and classification using genetic algorithm},
  author={Bahadure, Nilesh Bhaskarrao and Ray, Arun Kumar and Thethi, Har Pal},
  journal={Journal of digital imaging},
  volume={31},
  pages={477--489},
  year={2018},
  publisher={Springer}
}

@inproceedings{ismael2018brain,
  title={Brain tumor classification via statistical features and back-propagation neural network},
  author={Ismael, Mustafa R and Abdel-Qader, Ikhlas},
  booktitle={2018 IEEE international conference on electro/information technology (EIT)},
  pages={0252--0257},
  year={2018},
  organization={IEEE}
}


@article{wu2024advances,
  title={Advances of pathological diagnosis and molecular pathology of lung neuroendocrine neoplasms},
  author={Wu, JH and Zhu, YL and Wang, HY and Liu, YH and Lin, DM},
  journal={Chinese Journal of Pathology},
  volume={53},
  number={2},
  pages={109--115},
  year={2024}
}

@article{lin2021using,
  title={Using generative adversarial networks and parameter optimization of convolutional neural networks for lung tumor classification},
  author={Lin, Chun-Hui and Lin, Cheng-Jian and Li, Yu-Chi and Wang, Shyh-Hau},
  journal={Applied Sciences},
  volume={11},
  number={2},
  pages={480},
  year={2021},
  publisher={MDPI}
}


@article{rani2020superpixel,
  title={Superpixel with nanoscale imaging and boosted deep convolutional neural network concept for lung tumor classification},
  author={Rani, K Vijila and Jawhar, S Joseph},
  journal={International Journal of Imaging Systems and Technology},
  volume={30},
  number={4},
  pages={899--915},
  year={2020},
  publisher={Wiley Online Library}
}

@article{zhou2020role,
  title={The role of ancillary techniques in pulmonary cytopathology},
  author={Zhou, Fang and Moreira, Andre L},
  journal={Acta Cytologica},
  volume={64},
  number={1-2},
  pages={166--174},
  year={2020},
  publisher={S. Karger AG}
}

@article{Rizka_2019,
doi = {10.1088/1757-899X/546/5/052065},
url = {https://dx.doi.org/10.1088/1757-899X/546/5/052065},
year = {2019},
month = {jun},
publisher = {IOP Publishing},
volume = {546},
number = {5},
pages = {052065},
author = {N. Rizka and N. Chamidah},
title = {Lung Tumor Classification on Human Chest X-Ray Using Statistical Modelling Approach},
journal = {IOP Conference Series: Materials Science and Engineering},
}


@inproceedings{potghan2018multi,
  title={Multi-layer perceptron based lung tumor classification},
  author={Potghan, Sneha and Rajamenakshi, R and Bhise, Archana},
  booktitle={2018 Second International Conference on Electronics, Communication and Aerospace Technology (ICECA)},
  pages={499--502},
  year={2018},
  organization={IEEE}
}

@inproceedings{gopi2017lung,
  title={Lung tumor area recognition and classification using EK-mean clustering and SVM},
  author={Gopi, K and Selvakumar, J},
  booktitle={2017 International Conference on Nextgen Electronic Technologies: Silicon to Software (ICNETS2)},
  pages={97--100},
  year={2017},
  organization={IEEE}
}


@article{barshack2010microrna,
  title={MicroRNA expression differentiates between primary lung tumors and metastases to the lung},
  author={Barshack, Iris and Lithwick-Yanai, Gila and Afek, Arnon and Rosenblatt, Kinneret and Tabibian-Keissar, Hila and Zepeniuk, Merav and Cohen, Lahav and Dan, Harel and Zion, Orit and Strenov, Yulia and others},
  journal={Pathology-Research and Practice},
  volume={206},
  number={8},
  pages={578--584},
  year={2010},
  publisher={Elsevier}
}

@inproceedings{mohanapriya2019lung,
  title={Lung tumor classification and detection from CT scan images using deep convolutional neural networks (DCNN)},
  author={Mohanapriya, N and Kalaavathi, B and senthil Kuamr, T},
  booktitle={2019 International Conference on Computational Intelligence and Knowledge Economy (ICCIKE)},
  pages={800--805},
  year={2019},
  organization={IEEE}
}


@article{DONG201034,
title = {Juxtaglomerular cell tumor of the kidney—a new classification scheme},
journal = {Urologic Oncology: Seminars and Original Investigations},
volume = {28},
number = {1},
pages = {34-38},
year = {2010},
note = {Proceedings: Midwinter Meeting of the Society of Urologic Oncology (December 2008): Updated Issues in Kidney, Bladder, Prostate, and Testis Cancer},
issn = {1078-1439},
doi = {https://doi.org/10.1016/j.urolonc.2009.08.003},
url = {https://www.sciencedirect.com/science/article/pii/S1078143909002373},
author = {Dexin Dong and Hanzhong Li and Weigang Yan and Weifeng Xu},
}

@inproceedings{skalski2016kidney,
  title={Kidney tumor segmentation and detection on computed tomography data},
  author={Skalski, Andrzej and Jakubowski, Jacek and Drewniak, Tomasz},
  booktitle={2016 IEEE International Conference on Imaging Systems and Techniques (IST)},
  pages={238--242},
  year={2016},
  organization={IEEE}
}


@article{zhou2019diagnostic,
  title={Diagnostic and prognostic value of CEP55 in clear cell renal cell carcinoma as determined by bioinformatics analysis},
  author={Zhou, Libin and Liu, Shibo and Li, Xing and Yin, Min and Li, Sheng and Long, Huimin},
  journal={Molecular medicine reports},
  volume={19},
  number={5},
  pages={3485--3496},
  year={2019},
  publisher={DA Spandidos}
}

@Article{cancers12010168,
AUTHOR = {Siadat, Farshid and Trpkov, Kiril},
TITLE = {ESC, ALK, HOT and LOT: Three Letter Acronyms of Emerging Renal Entities Knocking on the Door of the WHO Classification},
JOURNAL = {Cancers},
VOLUME = {12},
YEAR = {2020},
NUMBER = {1},
ARTICLE-NUMBER = {168},
URL = {https://www.mdpi.com/2072-6694/12/1/168},
PubMedID = {31936678},
ISSN = {2072-6694},
DOI = {10.3390/cancers12010168}
}


@article{MARCQ2022491,
title = {Novel Classification for Upper Tract Urothelial Carcinoma to Better Risk-stratify Patients Eligible for Kidney-sparing Strategies: An International Collaborative Study},
journal = {European Urology Focus},
volume = {8},
number = {2},
pages = {491-497},
year = {2022},
issn = {2405-4569},
doi = {https://doi.org/10.1016/j.euf.2021.03.018},
url = {https://www.sciencedirect.com/science/article/pii/S2405456921000973},
author = {Gautier Marcq and Beat Foerster and Mohammad Abufaraj and Surena F. Matin and Mounsif Azizi and Mohit Gupta and Wei-Ming Li and Thomas Seisen and Timothy Clinton and Evanguelos Xylinas and M. Carmen Mir and Donald Schweitzer and Andrea Mari and Shoji Kimura and Marco Bandini and Romain Mathieu and Ja H. Ku and Georgi Guruli and Markus Grabbert and Anna K. Czech and Tim Muilwijk and Armin Pycha and David D’Andrea and Firas G. Petros and Philippe E. Spiess and Trinity Bivalacqua and Wen-Jeng Wu and Morgan Rouprêt and Laura-Maria Krabbe and Kees Hendricksen and Shin Egawa and Alberto Briganti and Marco Moschini and Vivien Graffeille and Riccardo Autorino and Patricia John and Axel Heidenreich and Piotr Chlosta and Steven Joniau and Francesco Soria and Phillip M. Pierorazio and Shahrokh F. Shariat and Wassim Kassouf},
keywords = {Transitional cell carcinoma, Urologic neoplasms, Risk assessment, Urological diagnostic techniques, Urologic surgical procedures, Ureteroscopy}
}


@article{alzu2022kidney,
  title={Kidney tumor detection and classification based on deep learning approaches: a new dataset in CT scans},
  author={Alzu’bi, Dalia and Abdullah, Malak and Hmeidi, Ismail and AlAzab, Rami and Gharaibeh, Maha and El-Heis, Mwaffaq and Almotairi, Khaled H and Forestiero, Agostino and Hussein, Ahmad MohdAziz and Abualigah, Laith},
  journal={Journal of Healthcare Engineering},
  volume={2022},
  number={1},
  pages={3861161},
  year={2022},
  publisher={Wiley Online Library}
}

@ARTICLE{10367977,
  author={Pavarut, Srisopitsawat and Preedanan, Wongsakorn and Kumazawa, Itsuo and Suzuki, Kenji and Kobayashi, Masaki and Tanaka, Hajime and Ishioka, Junichiro and Matsuoka, Yoh and Fuji, Yasuhisa},
  journal={IEEE Access}, 
  title={Improving Kidney Tumor Classification With Multi-Modal Medical Images Recovered Partially by Conditional CycleGAN}, 
  year={2023},
  volume={11},
  number={},
  pages={146250-146261},
  keywords={Tumors;Kidney;Magnetic resonance imaging;Generators;Computed tomography;Medical diagnostic imaging;Feature extraction;Kidney tumor;deep learning;multi-modal;image-to-image translation;GANs},
  doi={10.1109/ACCESS.2023.3345648}}


@Article{jimaging9120280,
AUTHOR = {Bolocan, Vlad-Octavian and Secareanu, Mihaela and Sava, Elena and Medar, Cosmin and Manolescu, Loredana Sabina Cornelia and Cătălin Rașcu, Alexandru-Ștefan and Costache, Maria Glencora and Radavoi, George Daniel and Dobran, Robert-Andrei and Jinga, Viorel},
TITLE = {Convolutional Neural Network Model for Segmentation and Classification of Clear Cell Renal Cell Carcinoma Based on Multiphase CT Images},
JOURNAL = {Journal of Imaging},
VOLUME = {9},
YEAR = {2023},
NUMBER = {12},
ARTICLE-NUMBER = {280},
URL = {https://www.mdpi.com/2313-433X/9/12/280},
PubMedID = {38132698},
ISSN = {2313-433X},
DOI = {10.3390/jimaging9120280}
}


@Article{He2024,
AUTHOR = {Haihao He and Yuhan Liu and Xin Zhou and Jia Zhan and Changyan Wang and Yiwen Shen and Haobo Chen and Lin Chen and Qi Zhang},
TITLE = {Can incorporating image resolution into neural networks improve kidney tumor classification performance in ultrasound images?},
JOURNAL = {Med Biol Eng Comput},
year= {2024},
doi = {10.1007/s11517-024-03188-8},
}

@article{OZBAY2024108554,
title = {Kidney Tumor Classification on CT images using Self-supervised Learning},
journal = {Computers in Biology and Medicine},
volume = {176},
pages = {108554},
year = {2024},
issn = {0010-4825},
doi = {https://doi.org/10.1016/j.compbiomed.2024.108554},
url = {https://www.sciencedirect.com/science/article/pii/S0010482524006383},
author = {Erdal Özbay and Feyza Altunbey Özbay and Farhad Soleimanian Gharehchopogh},
keywords = {Classification, CT images, Kidney tumor, Masked autoencoder, Self-supervised learning},
}

