@article{grootendorst2022,
  author    = {Maarten Grootendorst},
  title     = {BERTopic: Neural topic modeling with a class-based TF-IDF procedure},
  journal   = {arXiv preprint arXiv:2203.05794},
  year      = {2022}
}

@article{alokaili2020,
  author    = {Areej Alokaili and Nikolaos Aletras and Mark Stevenson},
  title     = {Automatic generation of topic labels},
  journal   = {arXiv preprint arXiv:2006.00127},
  year      = {2020}
}

@article{kozlowski2024,
  author    = {Diego Kozlowski and Carolina Pradier and Pierre Benz},
  title     = {Generative AI for automatic topic labelling},
  journal   = {arXiv preprint arXiv:2408.07003},
  year      = {2024}
}

@article{zhang2020,
  author    = {Tianyi Zhang and Varsha Kishore and Felix Wu and Kilian Q. Weinberger and Yoav Artzi},
  title     = {BERTScore: Evaluating Text Generation with BERT},
  journal   = {arXiv preprint arXiv:1904.09675},
  year      = {2020}
}

@inproceedings{rijcken2023,
  author    = {Emil Rijcken and Floortje Scheepers and Kalliopi Zervanou,
Marco Spruit and Pablo Mosteiro and Uzay Kaymak},
  title     = {Towards Interpreting Topic Models with ChatGPT},
  booktitle = {The 20th World Congress of the International
Fuzzy Systems Association},
  year      = {2023}
}

@inproceedings{mei2007,
  author    = {Qiaozhu Mei and Xuehua Shen and ChengXiang Zhai},
  title     = {Automatic labeling of multinomial topic models},
  booktitle = {Proceedings of the 13th ACM SIGKDD International Conference on Knowledge Discovery and Data
Mining},
  pages     = {490--499},
  year      = {2007},
  publisher = {ACM Press}
}

@inproceedings{aletras2014,
  author    = {Nikolaos Aletras and Mark Stevenson},
  title     = {Labelling Topics using Unsupervised Graph-based Methods},
  booktitle = {Proceedings of the 52nd Annual Meeting of the Association for Computational Linguistics (Volume 2: Short Papers)},
  pages     = {631--636},
  year      = {2014},
  publisher = {ACM Press}
}

@inproceedings{lau2011,
  author    = {Jey Han Lau and Karl Grieser and David Newman and Timothy Baldwinn},
  title     = {Automatic Labelling of Topic Models},
  booktitle = {Proceedings of the 49th Annual Meeting of the Association for Computational Linguistics: Human Language Technologies},
  pages     = {1536–1545},
  year      = {2011},
  publisher = {ACM Press}
}

@inproceedings{wan2016,
  author    = {Xiaojun Wan and Tianming Wang},
  title     = {Automatic Labeling of Topic Models Using Text Summaries},
  booktitle = {Proceedings of the 54th Annual Meeting of the Association for Computational Linguistics (Volume 1: Long Papers)},
  pages     = {2297–2305},
  year      = {2016},
  publisher = {ACM Press}
}

@inproceedings{reimers2019,
  author    = {Nils Reimers and Iryna Gurevych},
  title     = {SentenceBERT: Sentence embeddings using Siamese BERT-networks},
  booktitle = {Proceedings of the 2019 Conference on Empirical Methods in Natural Language Processing},
  year      = {2019},
  publisher = {Association for Computational Linguistics}
}

@inproceedings{greene2006,
  author    = {Derek Greene and Pádraig Cunningham},
  title     = {Practical solutions to the problem of diagonal dominance in kernel document clustering},
  booktitle = {Proceedings of the 23rd International Conference on Machine Learning (ICML'06)},
  pages     = {377--384},
  year      = {2006},
  publisher = {ACM Press}
}

@inproceedings{lang1995,
  author    = {Ken Lang},
  title     = {Newsweeder: Learning to filter netnews},
  booktitle = {Machine Learning Proceedings 1995},
  pages     = {331--339},
  year      = {1995},
  publisher = {Elsevier}
}

@misc{openai2023,
  author    = {OpenAI},
  title     = {{GPT}-3.5 Turbo},
  year      = {2023},
  note      = {Retrieved from \url{https://platform.openai.com/docs/models/gpt-3-5}}
}
