@inproceedings{aletras2014,
  author    = {Nikolaos Aletras and Mark Stevenson},
  title     = {Labelling Topics using Unsupervised Graph-based Methods},
  booktitle = {Proceedings of the 52nd Annual Meeting of the Association for Computational Linguistics (Volume 2: Short Papers)},
  pages     = {631--636},
  year      = {2014},
  publisher = {ACM Press}
}

@article{alokaili2020,
  author    = {Areej Alokaili and Nikolaos Aletras and Mark Stevenson},
  title     = {Automatic generation of topic labels},
  journal   = {arXiv preprint arXiv:2006.00127},
  year      = {2020}
}

@article{grootendorst2022,
  author    = {Maarten Grootendorst},
  title     = {BERTopic: Neural topic modeling with a class-based TF-IDF procedure},
  journal   = {arXiv preprint arXiv:2203.05794},
  year      = {2022}
}

@article{kozlowski2024,
  author    = {Diego Kozlowski and Carolina Pradier and Pierre Benz},
  title     = {Generative AI for automatic topic labelling},
  journal   = {arXiv preprint arXiv:2408.07003},
  year      = {2024}
}

@inproceedings{lau2011,
  author    = {Jey Han Lau and Karl Grieser and David Newman and Timothy Baldwinn},
  title     = {Automatic Labelling of Topic Models},
  booktitle = {Proceedings of the 49th Annual Meeting of the Association for Computational Linguistics: Human Language Technologies},
  pages     = {1536–1545},
  year      = {2011},
  publisher = {ACM Press}
}

@inproceedings{mei2007,
  author    = {Qiaozhu Mei and Xuehua Shen and ChengXiang Zhai},
  title     = {Automatic labeling of multinomial topic models},
  booktitle = {Proceedings of the 13th ACM SIGKDD International Conference on Knowledge Discovery and Data
Mining},
  pages     = {490--499},
  year      = {2007},
  publisher = {ACM Press}
}

@inproceedings{wan2016,
  author    = {Xiaojun Wan and Tianming Wang},
  title     = {Automatic Labeling of Topic Models Using Text Summaries},
  booktitle = {Proceedings of the 54th Annual Meeting of the Association for Computational Linguistics (Volume 1: Long Papers)},
  pages     = {2297–2305},
  year      = {2016},
  publisher = {ACM Press}
}

@article{zhang2020,
  author    = {Tianyi Zhang and Varsha Kishore and Felix Wu and Kilian Q. Weinberger and Yoav Artzi},
  title     = {BERTScore: Evaluating Text Generation with BERT},
  journal   = {arXiv preprint arXiv:1904.09675},
  year      = {2020}
}

