@Article{CAT3,
author={Ayyash, Muneef
and Tamimi, Hashem
and Ashhab, Yaqoub},
title={Developing a powerful In Silico tool for the discovery of novel caspase-3 substrates: a preliminary screening of the human proteome},
journal={BMC Bioinformatics},
year={2012},
month={Jan},
day={23},
volume={13},
number={1},
pages={14},
issn={1471-2105},
doi={10.1186/1471-2105-13-14},
url={https://doi.org/10.1186/1471-2105-13-14}
}

@misc{ClipZyme,
      title={CLIPZyme: Reaction-Conditioned Virtual Screening of Enzymes}, 
      author={Peter G. Mikhael and Itamar Chinn and Regina Barzilay},
      year={2024},
      eprint={2402.06748},
      archivePrefix={arXiv},
      primaryClass={q-bio.QM},
      url={https://arxiv.org/abs/2402.06748}, 
}

@article{DeepCleave,
    author = {Li, Fuyi and Chen, Jinxiang and Leier, Andr√© and Marquez-Lago, Tatiana and Liu, Quanzhong and Wang, Yanze and Revote, Jerico and Smith, A Ian and Akutsu, Tatsuya and Webb, Geoffrey I and Kurgan, Lukasz and Song, Jiangning},
    title = {DeepCleave: a deep learning predictor for caspase and matrix metalloprotease substrates and cleavage sites},
    journal = {Bioinformatics},
    volume = {36},
    number = {4},
    pages = {1057-1065},
    year = {2019},
    month = {09},
    issn = {1367-4803},
    doi = {10.1093/bioinformatics/btz721},
    url = {https://doi.org/10.1093/bioinformatics/btz721},
    eprint = {https://academic.oup.com/bioinformatics/article-pdf/36/4/1057/48982689/btz721.pdf},
}

@article{ProsperousPlus,
author = {Li, Fuyi and Guo, Xudong and Wang, Cong and Akutsu, Tatsuya and Webb, Geoffrey and Coin, Lachlan and Kurgan, Lukasz and Song, Jiangning},
year = {2023},
month = {09},
pages = {},
title = {ProsperousPlus: a one-stop and comprehensive platform for accurate protease-specific substrate cleavage prediction and machine-learning model construction},
volume = {24},
journal = {Briefings in Bioinformatics},
doi = {10.1093/bib/bbad372}
}

@misc{ReactZyme,
      title={ReactZyme: A Benchmark for Enzyme-Reaction Prediction}, 
      author={Chenqing Hua and Bozitao Zhong and Sitao Luan and Liang Hong and Guy Wolf and Doina Precup and Shuangjia Zheng},
      year={2024},
      eprint={2408.13659},
      archivePrefix={arXiv},
      primaryClass={cs.LG},
      url={https://arxiv.org/abs/2408.13659}, 
}

@article{Sahibzada2025,
  author = {Kashif Iqbal Sahibzada and Shumaila Shahid and Mohsina Akhter and Rizwan Abid and Muteeba Azhar and Yuansen Hu and Dong-Qing Wei},
  title = {HIV OctaScanner: A Machine Learning Approach to Unveil Proteolytic Cleavage Dynamics in HIV-1 Protease Substrates},
  journal = {Journal of Chemical Information and Modeling},
  year = {2025},
  volume = {65},
  number = {2},
  pages = {640--648},
  doi = {10.1021/acs.jcim.4c01808},
  url = {https://doi.org/10.1021/acs.jcim.4c01808},
  publisher = {American Chemical Society},
}

@article{ScreenCap3,
author = {Fu, Szu-Chin and Imai, Kenichiro and Sawasaki, Tatsuya and Tomii, Kentaro},
title = {ScreenCap3: Improving prediction of caspase-3 cleavage sites using experimentally verified noncleavage sites},
journal = {PROTEOMICS},
volume = {14},
number = {17-18},
pages = {2042-2046},
keywords = {Apoptosis, Bioinformatics, Caspase-3, High-throughput proteomics},
doi = {https://doi.org/10.1002/pmic.201400002},
url = {https://analyticalsciencejournals.onlinelibrary.wiley.com/doi/abs/10.1002/pmic.201400002},
eprint = {https://analyticalsciencejournals.onlinelibrary.wiley.com/doi/pdf/10.1002/pmic.201400002},
year = {2014}
}

@misc{TransformerM,
      title={One Transformer Can Understand Both 2D \& 3D Molecular Data}, 
      author={Shengjie Luo and Tianlang Chen and Yixian Xu and Shuxin Zheng and Tie-Yan Liu and Liwei Wang and Di He},
      year={2023},
      eprint={2210.01765},
      archivePrefix={arXiv},
      primaryClass={cs.LG},
      url={https://arxiv.org/abs/2210.01765}, 
}

@article{WANG2024309,
title = {DeepNeuropePred: A robust and universal tool to predict cleavage sites from neuropeptide precursors by protein language model},
journal = {Computational and Structural Biotechnology Journal},
volume = {23},
pages = {309-315},
year = {2024},
issn = {2001-0370},
doi = {https://doi.org/10.1016/j.csbj.2023.12.004},
url = {https://www.sciencedirect.com/science/article/pii/S2001037023004786},
author = {Lei Wang and Zilu Zeng and Zhidong Xue and Yan Wang},
}

@article{brandes2022proteinbert,
  title={ProteinBERT: a universal deep-learning model of protein sequence and function},
  author={Brandes, Nadav and Ofer, Dan and Peleg, Yam and Rappoport, Nadav and Linial, Michal},
  journal={Bioinformatics},
  volume={38},
  number={8},
  pages={2102--2110},
  year={2022},
  publisher={Oxford University Press}
}

@article{elnaggar2021prottrans,
  title={Prottrans: Toward understanding the language of life through self-supervised learning},
  author={Elnaggar, Ahmed and Heinzinger, Michael and Dallago, Christian and Rehawi, Ghalia and Wang, Yu and Jones, Llion and Gibbs, Tom and Feher, Tamas and Angerer, Christoph and Steinegger, Martin and others},
  journal={IEEE transactions on pattern analysis and machine intelligence},
  volume={44},
  number={10},
  pages={7112--7127},
  year={2021},
  publisher={IEEE}
}

@article{fuchs2020se,
  title={Se (3)-transformers: 3d roto-translation equivariant attention networks},
  author={Fuchs, Fabian and Worrall, Daniel and Fischer, Volker and Welling, Max},
  journal={Advances in neural information processing systems},
  volume={33},
  pages={1970--1981},
  year={2020}
}

@article{jing2020learning,
  title={Learning from protein structure with geometric vector perceptrons},
  author={Jing, Bowen and Eismann, Stephan and Suriana, Patricia and Townshend, Raphael JL and Dror, Ron},
  journal={arXiv preprint arXiv:2009.01411},
  year={2020}
}

@article{lin2023evolutionary,
  title={Evolutionary-scale prediction of atomic-level protein structure with a language model},
  author={Lin, Zeming and Akin, Halil and Rao, Roshan and Hie, Brian and Zhu, Zhongkai and Lu, Wenting and Smetanin, Nikita and Verkuil, Robert and Kabeli, Ori and Shmueli, Yaniv and others},
  journal={Science},
  volume={379},
  number={6637},
  pages={1123--1130},
  year={2023},
  publisher={American Association for the Advancement of Science}
}

@article{procleave,
    author = {Li, Fuyi and Leier, Andre and Liu, Quanzhong and Wang, Yanan and Xiang, Dongxu and Akutsu, Tatsuya and Webb, Geoffrey I. and Smith, A. Ian and Marquez-Lago, Tatiana and Li, Jian and Song, Jiangning},
    title = {Procleave: Predicting Protease-Specific Substrate Cleavage Sites by Combining Sequence and Structural Information},
    journal = {Genomics, Proteomics \& Bioinformatics},
    volume = {18},
    number = {1},
    pages = {52-64},
    year = {2020},
    month = {05},
}

@inproceedings{satorras2021n,
  title={E (n) equivariant graph neural networks},
  author={Satorras, V{\i}ctor Garcia and Hoogeboom, Emiel and Welling, Max},
  booktitle={International conference on machine learning},
  pages={9323--9332},
  year={2021},
  organization={PMLR}
}

@article{su2023saprot,
  title={Saprot: Protein language modeling with structure-aware vocabulary},
  author={Su, Jin and Han, Chenchen and Zhou, Yuyang and Shan, Junjie and Zhou, Xibin and Yuan, Fajie},
  journal={bioRxiv},
  pages={2023--10},
  year={2023},
  publisher={Cold Spring Harbor Laboratory}
}

@article{yang2021deepdigest,
  title={DeepDigest: prediction of protein proteolytic digestion with deep learning},
  author={Yang, Jinghan and Gao, Zhiqiang and Ren, Xiuhan and Sheng, Jie and Xu, Ping and Chang, Cheng and Fu, Yan},
  journal={Analytical Chemistry},
  volume={93},
  number={15},
  pages={6094--6103},
  year={2021},
  publisher={ACS Publications}
}

@article{ying2021transformers,
  title={Do transformers really perform badly for graph representation?},
  author={Ying, Chengxuan and Cai, Tianle and Luo, Shengjie and Zheng, Shuxin and Ke, Guolin and He, Di and Shen, Yanming and Liu, Tie-Yan},
  journal={Advances in neural information processing systems},
  volume={34},
  pages={28877--28888},
  year={2021}
}

@article{zhang2022protein,
  title={Protein representation learning by geometric structure pretraining},
  author={Zhang, Zuobai and Xu, Minghao and Jamasb, Arian and Chenthamarakshan, Vijil and Lozano, Aurelie and Das, Payel and Tang, Jian},
  journal={arXiv preprint arXiv:2203.06125},
  year={2022}
}

