@article{achiam2023gpt,
  title={Gpt-4 technical report},
  author={Achiam, Josh and Adler, Steven and Agarwal, Sandhini and Ahmad, Lama and Akkaya, Ilge and Aleman, Florencia Leoni and Almeida, Diogo and Altenschmidt, Janko and Altman, Sam and Anadkat, Shyamal and others},
  journal={arXiv preprint arXiv:2303.08774},
  year={2023}
}

@article{bi2024deepseek,
  title={Deepseek llm: Scaling open-source language models with longtermism},
  author={Bi, Xiao and Chen, Deli and Chen, Guanting and Chen, Shanhuang and Dai, Damai and Deng, Chengqi and Ding, Honghui and Dong, Kai and Du, Qiushi and Fu, Zhe and others},
  journal={arXiv preprint arXiv:2401.02954},
  year={2024}
}

@article{brown2020language,
  title={Language models are few-shot learners},
  author={Brown, Tom and Mann, Benjamin and Ryder, Nick and Subbiah, Melanie and Kaplan, Jared D and Dhariwal, Prafulla and Neelakantan, Arvind and Shyam, Pranav and Sastry, Girish and Askell, Amanda and others},
  journal={Advances in neural information processing systems},
  volume={33},
  pages={1877--1901},
  year={2020}
}

@article{chen2021evaluating,
  title={Evaluating large language models trained on code},
  author={Chen, Mark and Tworek, Jerry and Jun, Heewoo and Yuan, Qiming and Pinto, Henrique Ponde De Oliveira and Kaplan, Jared and Edwards, Harri and Burda, Yuri and Joseph, Nicholas and Brockman, Greg and others},
  journal={arXiv preprint arXiv:2107.03374},
  year={2021}
}

@article{chen2024alphamath,
  title={AlphaMath Almost Zero: process Supervision without process},
  author={Chen, Guoxin and Liao, Minpeng and Li, Chengxi and Fan, Kai},
  journal={arXiv preprint arXiv:2405.03553},
  year={2024}
}

@article{dubey2024llama,
  title={The llama 3 herd of models},
  author={Dubey, Abhimanyu and Jauhri, Abhinav and Pandey, Abhinav and Kadian, Abhishek and Al-Dahle, Ahmad and Letman, Aiesha and Mathur, Akhil and Schelten, Alan and Yang, Amy and Fan, Angela and others},
  journal={arXiv preprint arXiv:2407.21783},
  year={2024}
}

@article{ethayarajh2024kto,
  title={Kto: Model alignment as prospect theoretic optimization},
  author={Ethayarajh, Kawin and Xu, Winnie and Muennighoff, Niklas and Jurafsky, Dan and Kiela, Douwe},
  journal={arXiv preprint arXiv:2402.01306},
  year={2024}
}

@article{feng2023alphazero,
  title={Alphazero-like tree-search can guide large language model decoding and training},
  author={Feng, Xidong and Wan, Ziyu and Wen, Muning and McAleer, Stephen Marcus and Wen, Ying and Zhang, Weinan and Wang, Jun},
  journal={arXiv preprint arXiv:2309.17179},
  year={2023}
}

@article{guo2025deepseek,
  title={DeepSeek-R1: Incentivizing Reasoning Capability in LLMs via Reinforcement Learning},
  author={Guo, Daya and Yang, Dejian and Zhang, Haowei and Song, Junxiao and Zhang, Ruoyu and Xu, Runxin and Zhu, Qihao and Ma, Shirong and Wang, Peiyi and Bi, Xiao and others},
  journal={arXiv preprint arXiv:2501.12948},
  year={2025}
}

@article{hao2023reasoning,
  title={Reasoning with language model is planning with world model},
  author={Hao, Shibo and Gu, Yi and Ma, Haodi and Hong, Joshua Jiahua and Wang, Zhen and Wang, Daisy Zhe and Hu, Zhiting},
  journal={arXiv preprint arXiv:2305.14992},
  year={2023}
}

@article{li2023reinforcement,
  title={Reinforcement learning with human feedback: Learning dynamic choices via pessimism},
  author={Li, Zihao and Yang, Zhuoran and Wang, Mengdi},
  journal={arXiv preprint arXiv:2305.18438},
  year={2023}
}

@article{liu2024deepseek,
  title={Deepseek-v2: A strong, economical, and efficient mixture-of-experts language model},
  author={Liu, Aixin and Feng, Bei and Wang, Bin and Wang, Bingxuan and Liu, Bo and Zhao, Chenggang and Dengr, Chengqi and Ruan, Chong and Dai, Damai and Guo, Daya and others},
  journal={arXiv preprint arXiv:2405.04434},
  year={2024}
}

@article{nakano2021webgpt,
  title={Webgpt: Browser-assisted question-answering with human feedback},
  author={Nakano, Reiichiro and Hilton, Jacob and Balaji, Suchir and Wu, Jeff and Ouyang, Long and Kim, Christina and Hesse, Christopher and Jain, Shantanu and Kosaraju, Vineet and Saunders, William and others},
  journal={arXiv preprint arXiv:2112.09332},
  year={2021}
}

@article{ouyang2022training,
  title={Training language models to follow instructions with human feedback},
  author={Ouyang, Long and Wu, Jeffrey and Jiang, Xu and Almeida, Diogo and Wainwright, Carroll and Mishkin, Pamela and Zhang, Chong and Agarwal, Sandhini and Slama, Katarina and Ray, Alex and others},
  journal={Advances in neural information processing systems},
  volume={35},
  pages={27730--27744},
  year={2022}
}

@article{peng2023rwkv,
  title={Rwkv: Reinventing rnns for the transformer era},
  author={Peng, Bo and Alcaide, Eric and Anthony, Quentin and Albalak, Alon and Arcadinho, Samuel and Biderman, Stella and Cao, Huanqi and Cheng, Xin and Chung, Michael and Grella, Matteo and others},
  journal={arXiv preprint arXiv:2305.13048},
  year={2023}
}

@article{peng2024eagle,
  title={Eagle and finch: Rwkv with matrix-valued states and dynamic recurrence},
  author={Peng, Bo and Goldstein, Daniel and Anthony, Quentin and Albalak, Alon and Alcaide, Eric and Biderman, Stella and Cheah, Eugene and Du, Xingjian and Ferdinan, Teddy and Hou, Haowen and others},
  journal={arXiv preprint arXiv:2404.05892},
  year={2024}
}

@article{qi2024mutual,
  title={Mutual reasoning makes smaller llms stronger problem-solvers},
  author={Qi, Zhenting and Ma, Mingyuan and Xu, Jiahang and Zhang, Li Lyna and Yang, Fan and Yang, Mao},
  journal={arXiv preprint arXiv:2408.06195},
  year={2024}
}

@article{rafailov2024direct,
  title={Direct preference optimization: Your language model is secretly a reward model},
  author={Rafailov, Rafael and Sharma, Archit and Mitchell, Eric and Manning, Christopher D and Ermon, Stefano and Finn, Chelsea},
  journal={Advances in Neural Information Processing Systems},
  volume={36},
  year={2024}
}

@article{shao2024deepseekmath,
  title={Deepseekmath: Pushing the limits of mathematical reasoning in open language models},
  author={Shao, Zhihong and Wang, Peiyi and Zhu, Qihao and Xu, Runxin and Song, Junxiao and Bi, Xiao and Zhang, Haowei and Zhang, Mingchuan and Li, YK and Wu, Y and others},
  journal={arXiv preprint arXiv:2402.03300},
  year={2024}
}

@article{taori2023alpaca,
  title={Alpaca: A strong, replicable instruction-following model},
  author={Taori, Rohan and Gulrajani, Ishaan and Zhang, Tianyi and Dubois, Yann and Li, Xuechen and Guestrin, Carlos and Liang, Percy and Hashimoto, Tatsunori B},
  journal={Stanford Center for Research on Foundation Models. https://crfm. stanford. edu/2023/03/13/alpaca. html},
  volume={3},
  number={6},
  pages={7},
  year={2023}
}

@article{team2024gemma_a,
  title={Gemma: Open models based on gemini research and technology},
  author={Team, Gemma and Mesnard, Thomas and Hardin, Cassidy and Dadashi, Robert and Bhupatiraju, Surya and Pathak, Shreya and Sifre, Laurent and Rivi{\`e}re, Morgane and Kale, Mihir Sanjay and Love, Juliette and others},
  journal={arXiv preprint arXiv:2403.08295},
  year={2024}
}

@article{team2024gemma_b,
  title={Gemma 2: Improving open language models at a practical size},
  author={Team, Gemma and Riviere, Morgane and Pathak, Shreya and Sessa, Pier Giuseppe and Hardin, Cassidy and Bhupatiraju, Surya and Hussenot, L{\'e}onard and Mesnard, Thomas and Shahriari, Bobak and Ram{\'e}, Alexandre and others},
  journal={arXiv preprint arXiv:2408.00118},
  year={2024}
}

@article{team2024qwq,
  title={Qwq: Reflect deeply on the boundaries of the unknown},
  author={Team, Qwen},
  journal={Hugging Face},
  year={2024}
}

@article{team2025kimi,
  title={Kimi k1. 5: Scaling Reinforcement Learning with LLMs},
  author={Team, Kimi and Du, Angang and Gao, Bofei and Xing, Bowei and Jiang, Changjiu and Chen, Cheng and Li, Cheng and Xiao, Chenjun and Du, Chenzhuang and Liao, Chonghua and others},
  journal={arXiv preprint arXiv:2501.12599},
  year={2025}
}

@article{touvron2023llama,
  title={Llama: Open and efficient foundation language models},
  author={Touvron, Hugo and Lavril, Thibaut and Izacard, Gautier and Martinet, Xavier and Lachaux, Marie-Anne and Lacroix, Timoth{\'e}e and Rozi{\`e}re, Baptiste and Goyal, Naman and Hambro, Eric and Azhar, Faisal and others},
  journal={arXiv preprint arXiv:2302.13971},
  year={2023}
}

@article{wu2024beyond,
  title={Beyond examples: High-level automated reasoning paradigm in in-context learning via mcts},
  author={Wu, Jinyang and Feng, Mingkuan and Zhang, Shuai and Che, Feihu and Wen, Zengqi and Tao, Jianhua},
  journal={arXiv preprint arXiv:2411.18478},
  year={2024}
}

@article{yang2024qwen2b,
  title={Qwen2. 5-math technical report: Toward mathematical expert model via self-improvement},
  author={Yang, An and Zhang, Beichen and Hui, Binyuan and Gao, Bofei and Yu, Bowen and Li, Chengpeng and Liu, Dayiheng and Tu, Jianhong and Zhou, Jingren and Lin, Junyang and others},
  journal={arXiv preprint arXiv:2409.12122},
  year={2024}
}

@article{yao2023tree,
  title={Tree of thoughts: Deliberate problem solving with large language models},
  author={Yao, Shunyu and Yu, Dian and Zhao, Jeffrey and Shafran, Izhak and Griffiths, Tom and Cao, Yuan and Narasimhan, Karthik},
  journal={Advances in neural information processing systems},
  volume={36},
  pages={11809--11822},
  year={2023}
}

@article{ying2024internlm,
  title={Internlm-math: Open math large language models toward verifiable reasoning},
  author={Ying, Huaiyuan and Zhang, Shuo and Li, Linyang and Zhou, Zhejian and Shao, Yunfan and Fei, Zhaoye and Ma, Yichuan and Hong, Jiawei and Liu, Kuikun and Wang, Ziyi and others},
  journal={arXiv preprint arXiv:2402.06332},
  year={2024}
}

@article{young2024yi,
  title={Yi: Open foundation models by 01. ai},
  author={Young, Alex and Chen, Bei and Li, Chao and Huang, Chengen and Zhang, Ge and Zhang, Guanwei and Wang, Guoyin and Li, Heng and Zhu, Jiangcheng and Chen, Jianqun and others},
  journal={arXiv preprint arXiv:2403.04652},
  year={2024}
}

@article{zhong2024evaluation,
  title={Evaluation of openai o1: Opportunities and challenges of agi},
  author={Zhong, Tianyang and Liu, Zhengliang and Pan, Yi and Zhang, Yutong and Zhou, Yifan and Liang, Shizhe and Wu, Zihao and Lyu, Yanjun and Shu, Peng and Yu, Xiaowei and others},
  journal={arXiv preprint arXiv:2409.18486},
  year={2024}
}

