@inproceedings{guodong2024pcb,
  title={Parameter Competition Balancing for Model Merging},
  author={Guodong, DU and Lee, Junlin and Li, Jing and Jiang, Runhua and Guo, Yifei and Yu, Shuyang and Liu, Hanting and Goh, Sim Kuan and Tang, Ho-Kin and He, Daojing and others},
  booktitle={The Thirty-eighth Annual Conference on Neural Information Processing Systems},
  year={2024}
}

@inproceedings{yang2024adamerging,
  title={AdaMerging: Adaptive Model Merging for Multi-Task Learning},
  author={Yang, Enneng and Wang, Zhenyi and Shen, Li and Liu, Shiwei and Guo, Guibing and Wang, Xingwei and Tao, Dacheng},
  booktitle={The Twelfth International Conference on Learning Representations},
  year={2024}
}

@article{yadav2024ties,
  title={Ties-merging: Resolving interference when merging models},
  author={Yadav, Prateek and Tam, Derek and Choshen, Leshem and Raffel, Colin A and Bansal, Mohit},
  year={2024},
  journal={Advances in Neural Information Processing Systems},
  volume={36}
}


@inproceedings{ilharco2023editing,
  title={Editing models with task arithmetic},
  author={Ilharco, Gabriel and Ribeiro, Marco Tulio and Wortsman, Mitchell and Schmidt, Ludwig and Hajishirzi, Hannaneh and Farhadi, Ali},
  booktitle={The Eleventh International Conference on Learning Representations},
  year={2023}
}

@inproceedings{wang2023orthogonal,
  title={Orthogonal Subspace Learning for Language Model Continual Learning},
  author={Wang, Xiao and Chen, Tianze and Ge, Qiming and Xia, Han and Bao, Rong and Zheng, Rui and Zhang, Qi and Gui, Tao and Huang, Xuan-Jing},
  booktitle={Findings of the Association for Computational Linguistics: EMNLP 2023},
  pages={10658--10671},
  year={2023}
}


@inproceedings{huang2024emr,
  title={EMR-Merging: Tuning-Free High-Performance Model Merging},
  author={Huang, Chenyu and Ye, Peng and Chen, Tao and He, Tong and Yue, Xiangyu and Ouyang, Wanli},
  booktitle={The Thirty-eighth Annual Conference on Neural Information Processing Systems},
  year={2024}
}


@inproceedings{yu2024dare,
  title={Language models are super mario: Absorbing abilities from homologous models as a free lunch},
  author={Yu, Le and Yu, Bowen and Yu, Haiyang and Huang, Fei and Li, Yongbin},
  booktitle={Forty-first International Conference on Machine Learning},
  year={2024}
}


@inproceedings{hu2022lora,
title={Lo{RA}: Low-Rank Adaptation of Large Language Models},
author={Edward J Hu and Yelong Shen and Phillip Wallis and Zeyuan Allen-Zhu and Yuanzhi Li and Shean Wang and Lu Wang and Weizhu Chen},
booktitle={International Conference on Learning Representations},
year={2022}
}


@article{wu2024moslora,
  title={Mixture-of-Subspaces in Low-Rank Adaptation},
  author={Wu, Taiqiang and Wang, Jiahao and Zhao, Zhe and Wong, Ngai},
  journal={arXiv preprint arXiv:2406.11909},
  year={2024}
}

@article{stoica2024svd,
  title={Model merging with SVD to tie the Knots},
  author={Stoica, George and Ramesh, Pratik and Ecsedi, Boglarka and Choshen, Leshem and Hoffman, Judy},
  journal={arXiv preprint arXiv:2410.19735},
  year={2024}
}


@inproceedings{tang2024wemoe,
  title={Merging Multi-Task Models via Weight-Ensembling Mixture of Experts},
  author={Tang, Anke and Shen, Li and Luo, Yong and Yin, Nan and Zhang, Lefei and Tao, Dacheng},
  booktitle={Forty-first International Conference on Machine Learning},
  year={2024}
}


@article{liu2024visual,
  title={Visual instruction tuning},
  author={Liu, Haotian and Li, Chunyuan and Wu, Qingyang and Lee, Yong Jae},
  journal={Advances in neural information processing systems},
  volume={36},
  year={2024}
}

@inproceedings{liu2024improved,
  title={Improved baselines with visual instruction tuning},
  author={Liu, Haotian and Li, Chunyuan and Li, Yuheng and Lee, Yong Jae},
  booktitle={Proceedings of the IEEE/CVF Conference on Computer Vision and Pattern Recognition},
  pages={26296--26306},
  year={2024}
}


@article{touvron2023llama,
  title={Llama: Open and efficient foundation language models},
  author={Touvron, Hugo and Lavril, Thibaut and Izacard, Gautier and Martinet, Xavier and Lachaux, Marie-Anne and Lacroix, Timoth{\'e}e and Rozi{\`e}re, Baptiste and Goyal, Naman and Hambro, Eric and Azhar, Faisal and others},
  journal={arXiv preprint arXiv:2302.13971},
  year={2023}
}

@article{alayrac2022flamingo,
  title={Flamingo: a visual language model for few-shot learning},
  author={Alayrac, Jean-Baptiste and Donahue, Jeff and Luc, Pauline and Miech, Antoine and Barr, Iain and Hasson, Yana and Lenc, Karel and Mensch, Arthur and Millican, Katherine and Reynolds, Malcolm and others},
  journal={Advances in neural information processing systems},
  volume={35},
  pages={23716--23736},
  year={2022}
}



@inproceedings{mishra2019ocr,
  title={Ocr-vqa: Visual question answering by reading text in images},
  author={Mishra, Anand and Shekhar, Shashank and Singh, Ajeet Kumar and Chakraborty, Anirban},
  booktitle={2019 international conference on document analysis and recognition (ICDAR)},
  pages={947--952},
  year={2019},
  organization={IEEE}
}



@inproceedings{gurari2018vizwiz,
  title={Vizwiz grand challenge: Answering visual questions from blind people},
  author={Gurari, Danna and Li, Qing and Stangl, Abigale J and Guo, Anhong and Lin, Chi and Grauman, Kristen and Luo, Jiebo and Bigham, Jeffrey P},
  booktitle={Proceedings of the IEEE conference on computer vision and pattern recognition},
  pages={3608--3617},
  year={2018}
}

@inproceedings{lu2021iconqa,
    title = {IconQA: A New Benchmark for Abstract Diagram Understanding and Visual Language Reasoning},
    author = {Lu, Pan and Qiu, Liang and Chen, Jiaqi and Xia, Tony and Zhao, Yizhou and Zhang, Wei and Yu, Zhou and Liang, Xiaodan and Zhu, Song-Chun},
    booktitle = {The 35th Conference on Neural Information Processing Systems (NeurIPS) Track on Datasets and Benchmarks},
    year = {2021}
}

@article{hendrycks2021many,
  title={The Many Faces of Robustness: A Critical Analysis of Out-of-Distribution Generalization},
  author={Dan Hendrycks and Steven Basart and Norman Mu and Saurav Kadavath and Frank Wang and Evan Dorundo and Rahul Desai and Tyler Zhu and Samyak Parajuli and Mike Guo and Dawn Song and Jacob Steinhardt and Justin Gilmer},
  journal={ICCV},
  year={2021}
}



@inproceedings{goyal2017vqa,
  title={Making the v in vqa matter: Elevating the role of image understanding in visual question answering},
  author={Goyal, Yash and Khot, Tejas and Summers-Stay, Douglas and Batra, Dhruv and Parikh, Devi},
  booktitle={Proceedings of the IEEE conference on computer vision and pattern recognition},
  pages={6904--6913},
  year={2017}
}

@article{bryan2017flickr,
    title={Flickr30K Entities: Collecting Region-to-Phrase Correspondences for Richer Image-to-Sentence Models},
    author={Bryan A. Plummer and Liwei Wang and Christopher M. Cervantes and Juan C. Caicedo and Julia Hockenmaier and Svetlana Lazebnik},
    journal={IJCV},
    volume={123},
    number={1},
    pages={74-93},
    year={2017}
}


@inproceedings{deng2009imagenet,
  title={Imagenet: A large-scale hierarchical image database},
  author={Deng, Jia and Dong, Wei and Socher, Richard and Li, Li-Jia and Li, Kai and Fei-Fei, Li},
  booktitle={2009 IEEE conference on computer vision and pattern recognition},
  pages={248--255},
  year={2009},
  organization={Ieee}
}


@article{lu2022scienceqa,
  title={Learn to explain: Multimodal reasoning via thought chains for science question answering},
  author={Lu, Pan and Mishra, Swaroop and Xia, Tanglin and Qiu, Liang and Chang, Kai-Wei and Zhu, Song-Chun and Tafjord, Oyvind and Clark, Peter and Kalyan, Ashwin},
  journal={Advances in Neural Information Processing Systems},
  volume={35},
  pages={2507--2521},
  year={2022}
}



@inproceedings{kazemzadeh2014referitgame,
  title={Referitgame: Referring to objects in photographs of natural scenes},
  author={Kazemzadeh, Sahar and Ordonez, Vicente and Matten, Mark and Berg, Tamara},
  booktitle={Proceedings of the 2014 conference on empirical methods in natural language processing (EMNLP)},
  pages={787--798},
  year={2014}
}

@inproceedings{mao2016generation,
  title={Generation and comprehension of unambiguous object descriptions},
  author={Mao, Junhua and Huang, Jonathan and Toshev, Alexander and Camburu, Oana and Yuille, Alan L and Murphy, Kevin},
  booktitle={Proceedings of the IEEE conference on computer vision and pattern recognition},
  pages={11--20},
  year={2016}
}

@article{yang2024model,
  title={Model merging in llms, mllms, and beyond: Methods, theories, applications and opportunities},
  author={Yang, Enneng and Shen, Li and Guo, Guibing and Wang, Xingwei and Cao, Xiaochun and Zhang, Jie and Tao, Dacheng},
  journal={arXiv preprint arXiv:2408.07666},
  year={2024}
}

@article{liu2022few,
  title={Few-shot parameter-efficient fine-tuning is better and cheaper than in-context learning},
  author={Liu, Haokun and Tam, Derek and Muqeeth, Mohammed and Mohta, Jay and Huang, Tenghao and Bansal, Mohit and Raffel, Colin A},
  journal={Advances in Neural Information Processing Systems},
  volume={35},
  pages={1950--1965},
  year={2022}
}


@article{guo2024desire,
  title={DESIRE: Dynamic Knowledge Consolidation for Rehearsal-Free Continual Learning},
  author={Guo, Haiyang and Zhu, Fei and Zeng, Fanhu and Liu, Bing and Zhang, Xu-Yao},
  journal={arXiv preprint arXiv:2411.19154},
  year={2024}
}


@inproceedings{krause2013cars,
  title={3d object representations for fine-grained categorization},
  author={Krause, Jonathan and Stark, Michael and Deng, Jia and Fei-Fei, Li},
  booktitle={Proceedings of the IEEE international conference on computer vision workshops},
  pages={554--561},
  year={2013}
}


@inproceedings{cimpoi2014dtd,
  title={Describing textures in the wild},
  author={Cimpoi, Mircea and Maji, Subhransu and Kokkinos, Iasonas and Mohamed, Sammy and Vedaldi, Andrea},
  booktitle={Proceedings of the IEEE conference on computer vision and pattern recognition},
  pages={3606--3613},
  year={2014}
}


@article{helber2019eurosat,
  title={Eurosat: A novel dataset and deep learning benchmark for land use and land cover classification},
  author={Helber, Patrick and Bischke, Benjamin and Dengel, Andreas and Borth, Damian},
  journal={IEEE Journal of Selected Topics in Applied Earth Observations and Remote Sensing},
  volume={12},
  number={7},
  pages={2217--2226},
  year={2019},
  publisher={IEEE}
}

@inproceedings{stallkamp2011german,
  title={The German traffic sign recognition benchmark: a multi-class classification competition},
  author={Stallkamp, Johannes and Schlipsing, Marc and Salmen, Jan and Igel, Christian},
  booktitle={The 2011 international joint conference on neural networks},
  pages={1453--1460},
  year={2011},
  organization={IEEE}
}


@article{cheng2017remote,
  title={Remote sensing image scene classification: Benchmark and state of the art},
  author={Cheng, Gong and Han, Junwei and Lu, Xiaoqiang},
  journal={Proceedings of the IEEE},
  volume={105},
  number={10},
  pages={1865--1883},
  year={2017},
  publisher={IEEE}
}

@article{xiao2016sun,
  title={Sun database: Exploring a large collection of scene categories},
  author={Xiao, Jianxiong and Ehinger, Krista A and Hays, James and Torralba, Antonio and Oliva, Aude},
  journal={International Journal of Computer Vision},
  volume={119},
  pages={3--22},
  year={2016},
  publisher={Springer}
}


@inproceedings{netzer2011reading,
  title={Reading digits in natural images with unsupervised feature learning},
  author={Netzer, Yuval and Wang, Tao and Coates, Adam and Bissacco, Alessandro and Wu, Baolin and Ng, Andrew Y and others},
  booktitle={NIPS workshop on deep learning and unsupervised feature learning},
  volume={2011},
  number={2},
  pages={4},
  year={2011},
  organization={Granada}
}


@article{lecun1998mnist,
	title={The MNIST database of handwritten digits},
	author={LeCun, Yann},
	year=1998,
	journal={http://yann. lecun. com/exdb/mnist/}
}


@inproceedings{schwenk2022okvqa,
  title={A-okvqa: A benchmark for visual question answering using world knowledge},
  author={Schwenk, Dustin and Khandelwal, Apoorv and Clark, Christopher and Marino, Kenneth and Mottaghi, Roozbeh},
  booktitle={European conference on computer vision},
  pages={146--162},
  year={2022},
  organization={Springer}
}

@inproceedings{wang2021screen2words,
  title={Screen2words: Automatic mobile UI summarization with multimodal learning},
  author={Wang, Bryan and Li, Gang and Zhou, Xin and Chen, Zhourong and Grossman, Tovi and Li, Yang},
  booktitle={The 34th Annual ACM Symposium on User Interface Software and Technology},
  pages={498--510},
  year={2021}
}


@inproceedings{lu2023dynamic,
  title={Dynamic Prompt Learning via Policy Gradient for Semi-structured Mathematical Reasoning},
  author={Lu, Pan and Qiu, Liang and Chang, Kai-Wei and Wu, Ying Nian and Zhu, Song-Chun and Rajpurohit, Tanmay and Clark, Peter and Kalyan, Ashwin},
  booktitle={The Eleventh International Conference on Learning Representations},
  year={2023}
}



@inproceedings{dehghani2023scaling,
  title={Scaling vision transformers to 22 billion parameters},
  author={Dehghani, Mostafa and Djolonga, Josip and Mustafa, Basil and Padlewski, Piotr and Heek, Jonathan and Gilmer, Justin and Steiner, Andreas Peter and Caron, Mathilde and Geirhos, Robert and Alabdulmohsin, Ibrahim and others},
  booktitle={International Conference on Machine Learning},
  pages={7480--7512},
  year={2023},
  organization={PMLR}
}


@article{wang2024qwen2,
  title={Qwen2-vl: Enhancing vision-language model's perception of the world at any resolution},
  author={Wang, Peng and Bai, Shuai and Tan, Sinan and Wang, Shijie and Fan, Zhihao and Bai, Jinze and Chen, Keqin and Liu, Xuejing and Wang, Jialin and Ge, Wenbin and others},
  journal={arXiv preprint arXiv:2409.12191},
  year={2024}
}


@inproceedings{wang2018glue,
  title={Glue: A multi-task benchmark and analysis platform for natural language understanding},
  author={Alex Wang and Amanpreet Singh and Julian Michael and Felix Hill and Omer Levy and Samuel R. Bowman},
  booktitle={The Twelfth International Conference on Learning Representations},
  year={2024}
}


@inproceedings{khattak2023maple,
  title={Maple: Multi-modal prompt learning},
  author={Khattak, Muhammad Uzair and Rasheed, Hanoona and Maaz, Muhammad and Khan, Salman and Khan, Fahad Shahbaz},
  booktitle={Proceedings of the IEEE/CVF Conference on Computer Vision and Pattern Recognition},
  pages={19113--19122},
  year={2023}
}

@inproceedings{jia2022visual,
  title={Visual prompt tuning},
  author={Jia, Menglin and Tang, Luming and Chen, Bor-Chun and Cardie, Claire and Belongie, Serge and Hariharan, Bharath and Lim, Ser-Nam},
  booktitle={European Conference on Computer Vision},
  pages={709--727},
  year={2022},
  organization={Springer}
}


@article{radford2019language,
  title={Language models are unsupervised multitask learners},
  author={Radford, Alec and Wu, Jeffrey and Child, Rewon and Luan, David and Amodei, Dario and Sutskever, Ilya and others},
  journal={OpenAI blog},
  volume={1},
  number={8},
  pages={9},
  year={2019}
}


@inproceedings{li2023blip,
  title={Blip-2: Bootstrapping language-image pre-training with frozen image encoders and large language models},
  author={Li, Junnan and Li, Dongxu and Savarese, Silvio and Hoi, Steven},
  booktitle={International conference on machine learning},
  pages={19730--19742},
  year={2023},
  organization={PMLR}
}


@inproceedings{jin2023regmean,
  title={Dataless Knowledge Fusion by Merging Weights of Language Models},
  author={Jin, Xisen and Ren, Xiang and Preotiuc-Pietro, Daniel and Cheng, Pengxiang},
  booktitle={The Eleventh International Conference on Learning Representations},
  year={2023}
}


@article{matena2022fisher,
  title={Merging models with fisher-weighted averaging},
  author={Matena, Michael S and Raffel, Colin A},
  journal={Advances in Neural Information Processing Systems},
  volume={35},
  pages={17703--17716},
  year={2022}
}


@article{han2024parameter,
  title={Parameter-efficient fine-tuning for large models: A comprehensive survey},
  author={Han, Zeyu and Gao, Chao and Liu, Jinyang and Zhang, Jeff and Zhang, Sai Qian},
  journal={arXiv preprint arXiv:2403.14608},
  year={2024}
}

@inproceedings{radford2021learning,
  title={Learning transferable visual models from natural language supervision},
  author={Radford, Alec and Kim, Jong Wook and Hallacy, Chris and Ramesh, Aditya and Goh, Gabriel and Agarwal, Sandhini and Sastry, Girish and Askell, Amanda and Mishkin, Pamela and Clark, Jack and others},
  booktitle={International conference on machine learning},
  pages={8748--8763},
  year={2021},
  organization={PMLR}
}


@inproceedings{stoica2024zipit,
  title={ZipIt! Merging Models from Different Tasks without Training},
  author={Stoica, George and Bolya, Daniel and Bjorner, Jakob Brandt and Ramesh, Pratik and Hearn, Taylor and Hoffman, Judy},
  booktitle={The Twelfth International Conference on Learning Representations},
  year={2024}
}


@inproceedings{shah2025ziplora,
  title={Ziplora: Any subject in any style by effectively merging loras},
  author={Shah, Viraj and Ruiz, Nataniel and Cole, Forrester and Lu, Erika and Lazebnik, Svetlana and Li, Yuanzhen and Jampani, Varun},
  booktitle={European Conference on Computer Vision},
  pages={422--438},
  year={2024},
  organization={Springer}
}


@inproceedings{sung2023empirical,
  title={An Empirical Study of Multimodal Model Merging},
  author={Sung, Yi-Lin and Li, Linjie and Lin, Kevin and Gan, Zhe and Bansal, Mohit and Wang, Lijuan},
  booktitle={Findings of the Association for Computational Linguistics: EMNLP 2023},
  pages={1563--1575},
  year={2023}
}

@article{zeng2024modalprompt,
  title={ModalPrompt: Dual-Modality Guided Prompt for Continual Learning of Large Multimodal Models},
  author={Zeng, Fanhu and Zhu, Fei and Guo, Haiyang and Zhang, Xu-Yao and Liu, Cheng-Lin},
  journal={arXiv preprint arXiv:2410.05849},
  year={2024}
}


@inproceedings{sanh2022multitask,
  title={Multitask Prompted Training Enables Zero-Shot Task Generalization},
  author={Sanh, Victor and Webson, Albert and Raffel, Colin and Bach, Stephen and Sutawika, Lintang and Alyafeai, Zaid and Chaffin, Antoine and Stiegler, Arnaud and Raja, Arun and Dey, Manan and others},
  booktitle={International Conference on Learning Representations},
  year={2022}
}


@inproceedings{
    tang2024parameter,
    title={Parameter-Efficient Multi-Task Model Fusion with Partial Linearization},
    author={Anke Tang and Li Shen and Yong Luo and Yibing Zhan and Han Hu and Bo Du and Yixin Chen and Dacheng Tao},
    booktitle={The Twelfth International Conference on Learning Representations},
    year={2024}
}

@inproceedings{zhu2024asymmetry,
    title={Asymmetry in Low-Rank Adapters of Foundation Models},
    author={Jiacheng Zhu and Kristjan Greenewald and Kimia Nadjahi and Haitz S{\'a}ez de Oc{\'a}riz Borde and Rickard Br{\"u}el Gabrielsson and Leshem Choshen and Marzyeh Ghassemi and Mikhail Yurochkin and Justin Solomon},
    booktitle={Forty-first International Conference on Machine Learning},
    year={2024}
}

@inproceedings{tian2024hydralora,
    title={HydraLo{RA}: An Asymmetric Lo{RA} Architecture for Efficient Fine-Tuning},
    author={Chunlin Tian and Zhan Shi and Zhijiang Guo and Li Li and Cheng-zhong Xu},
    booktitle={The Thirty-eighth Annual Conference on Neural Information Processing Systems},
    year={2024}
}



@inproceedings{liu2025mmbench,
  title={Mmbench: Is your multi-modal model an all-around player?},
  author={Liu, Yuan and Duan, Haodong and Zhang, Yuanhan and Li, Bo and Zhang, Songyang and Zhao, Wangbo and Yuan, Yike and Wang, Jiaqi and He, Conghui and Liu, Ziwei and others},
  booktitle={European conference on computer vision},
  pages={216--233},
  year={2025},
  organization={Springer}
}


@misc{fu2024mme,
    title={MME: A Comprehensive Evaluation Benchmark for Multimodal Large Language Models}, 
    author={Chaoyou Fu and Peixian Chen and Yunhang Shen and Yulei Qin and Mengdan Zhang and Xu Lin and Jinrui Yang and Xiawu Zheng and Ke Li and Xing Sun and Yunsheng Wu and Rongrong Ji},
    journal={arXiv preprint arXiv:2306.13394},
    year={2024},
}


@inproceedings{li2023evaluating,
  title={Evaluating Object Hallucination in Large Vision-Language Models},
  author={Li, Yifan and Du, Yifan and Zhou, Kun and Wang, Jinpeng and Zhao, Wayne Xin and Wen, Ji-Rong},
  booktitle={Proceedings of the 2023 Conference on Empirical Methods in Natural Language Processing},
  pages={292--305},
  year={2023}
}

@article{huang2023lorahub,
  title={Lorahub: Efficient cross-task generalization via dynamic lora composition},
  author={Huang, Chengsong and Liu, Qian and Lin, Bill Yuchen and Pang, Tianyu and Du, Chao and Lin, Min},
  journal={arXiv preprint arXiv:2307.13269},
  year={2023}
}