@article{cai2016dehazenet,
    title={Dehazenet: An end-to-end system for single image haze removal},
    author={Cai, Bolun and Xu, Xiangmin and Jia, Kui and Qing, Chunmei and Tao, Dacheng},
    journal={IEEE Trans. Image Process.},
    volume={25},
    number={11},
    pages={5187--5198},
    year={2016},
    publisher={IEEE}
}

@inproceedings{cai2023retinexformer,
    title={Retinexformer: One-stage retinex-based transformer for low-light image enhancement},
    author={Cai, Yuanhao and Bian, Hao and Lin, Jing and Wang, Haoqian and Timofte, Radu and Zhang, Yulun},
    booktitle={Proc. IEEE ICCV},
    pages={12504--12513},
    year={2023}
}

@inproceedings{cong2024semi,
    title={A semi-supervised nighttime dehazing baseline with spatial-frequency aware and realistic brightness constraint},
    author={Cong, Xiaofeng and Gui, Jie and Zhang, Jing and Hou, Junming and Shen, Hao},
    booktitle={Proc. IEEE CVPR},
    pages={2631--2640},
    year={2024}
}

@article{fattal2014dehazing,
    title={Dehazing using color-lines},
    author={Fattal, Raanan},
    journal={ACM Trans. Graphics},
    volume={34},
    number={1},
    pages={1--14},
    year={2014},
    publisher={ACM New York, NY, USA}
}

@article{gong2024tsnet,
  title={Tsnet: a two-stage network for image dehazing with multi-scale fusion and adaptive learning},
  author={Gong, Xiaolin and Zheng, Zehan and Du, Heyuan},
  journal={Signal, Image Video Process.},
  volume={18},
  number={10},
  pages={7119--7130},
  year={2024},
  publisher={Springer}
}

@article{guo2016lime,
    title={LIME: Low-light image enhancement via illumination map estimation},
    author={Guo, Xiaojie and Li, Yu and Ling, Haibin},
    journal={IEEE Trans. Image Process.},
    volume={26},
    number={2},
    pages={982--993},
    year={2016},
    publisher={IEEE}
}

@inproceedings{guo2020zero,
    title={Zero-reference deep curve estimation for low-light image enhancement},
    author={Guo, Chunle and Li, Chongyi and Guo, Jichang and Loy, Chen Change and Hou, Junhui and Kwong, Sam and Cong, Runmin},
    booktitle={Proc. IEEE ICCV},
    pages={1780--1789},
    year={2020}
}

@article{he2010single,
    title={Single image haze removal using dark channel prior},
    author={He, Kaiming and Sun, Jian and Tang, Xiaoou},
    journal={IEEE Trans. Pattern Anal. Mach. Intell.},
    volume={33},
    number={12},
    pages={2341--2353},
    year={2010},
    publisher={IEEE}
}

@article{hou2024global,
    title={Global structure-aware diffusion process for low-light image enhancement},
    author={Hou, Jinhui and Zhu, Zhiyu and Hou, Junhui and Liu, Hui and Zeng, Huanqiang and Yuan, Hui},
    journal={Adv. Neural Inform. Process. Syst.},
    pages = {79734--79747},
    volume={36},
    year={2024}
}

@inproceedings{jin2023enhancing,
    title={Enhancing visibility in nighttime haze images using guided apsf and gradient adaptive convolution},
    author={Jin, Yeying and Lin, Beibei and Yan, Wending and Yuan, Yuan and Ye, Wei and Tan, Robby T},
    booktitle={Proc. ACM MM},
    pages={2446--2457},
    year={2023}
}

@inproceedings{koo2020nighttime,
    title={Nighttime haze removal with glow decomposition using GAN},
    author={Koo, Beomhyuk and Kim, Gyeonghwan},
    booktitle={Proc. ACPR},
    pages={807--820},
    year={2020},
    organization={Springer}
}

@article{land1977retinex,
    title={The retinex theory of color vision},
    author={Land, Edwin H},
    journal={Sci. Am. Mind},
    volume={237},
    number={6},
    pages={108--129},
    year={1977},
    publisher={JSTOR}
}

@inproceedings{li2015nighttime,
    title={Nighttime haze removal with glow and multiple light colors},
    author={Li, Yu and Tan, Robby T and Brown, Michael S},
    booktitle={Proc. IEEE ICCV},
    pages={226--234},
    year={2015}
}

@inproceedings{li2017aod,
    title={Aod-net: All-in-one dehazing network},
    author={Li, Boyi and Peng, Xiulian and Wang, Zhangyang and Xu, Jizheng and Feng, Dan},
    booktitle={Proc. IEEE ICCV},
    pages={4770--4778},
    year={2017}
}

@inproceedings{liao2018hdp,
    title={Hdp-net: Haze density prediction network for nighttime dehazing},
    author={Liao, Yinghong and Su, Zhuo and Liang, Xiangguo and Qiu, Bin},
    booktitle={Proc. PCM},
    pages={469--480},
    year={2018},
    organization={Springer}
}

@article{lin2023smnet,
    title={Smnet: Synchronous multi-scale low light enhancement network with local and global concern},
    author={Lin, Shideng and Tang, Fan and Dong, Weiming and Pan, Xingjia and Xu, Changsheng},
    journal={IEEE Trans. Multimedia},
    volume={25},
    pages={9506--9517},
    year={2023},
    publisher={IEEE}
}

@article{liu2022rank,
    title={Rank-one prior: Real-time scene recovery},
    author={Liu, Jun and Liu, Ryan Wen and Sun, Jianing and Zeng, Tieyong},
    journal={IEEE Trans. Pattern Anal. Mach. Intell.},
    volume={45},
    number={7},
    pages={8845--8860},
    year={2022},
    publisher={IEEE}
}

@article{lu2024aosrnet,
    title={AoSRNet: All-in-one scene recovery networks via multi-knowledge integration},
    author={Lu, Yuxu and Yang, Dong and Gao, Yuan and Liu, Ryan Wen and Liu, Jun and Guo, Yu},
    journal={Knowledge-Based Syst.},
    volume={294},
    pages={111786},
    year={2024},
    publisher={Elsevier}
}

@inproceedings{pei2012nighttime,
    title={Nighttime haze removal using color transfer pre-processing and dark channel prior},
    author={Pei, Soo-Chang and Lee, Tzu-Yen},
    booktitle={Proc. IEEE ICIP},
    pages={957--960},
    year={2012},
    organization={IEEE}
}

@article{pizer1987adaptive,
    title={Adaptive histogram equalization and its variations},
    author={Pizer, Stephen M and Amburn, E Philip and Austin, John D and Cromartie, Robert and Geselowitz, Ari and Greer, Trey and ter Haar Romeny, Bart and Zimmerman, John B and Zuiderveld, Karel},
    journal={Computer vision, graphics, and image processing},
    volume={39},
    number={3},
    pages={355--368},
    year={1987},
    publisher={Elsevier}
}

@inproceedings{qin2020ffa,
    title={FFA-Net: Feature fusion attention network for single image dehazing},
    author={Qin, Xu and Wang, Zhilin and Bai, Yuanchao and Xie, Xiaodong and Jia, Huizhu},
    booktitle={Proc. AAAI},
    volume={34},
    number={07},
    pages={11908--11915},
    year={2020}
}

@article{song2023vision,
    title={Vision transformers for single image dehazing},
    author={Song, Yuda and He, Zhuqing and Qian, Hui and Du, Xin},
    journal={IEEE Trans. Image Process.},
    volume={32},
    pages={1927--1941},
    year={2023},
    publisher={IEEE}
}

@inproceedings{wu2022uretinex,
    title={Uretinex-net: Retinex-based deep unfolding network for low-light image enhancement},
    author={Wu, Wenhui and Weng, Jian and Zhang, Pingping and Wang, Xu and Yang, Wenhan and Jiang, Jianmin},
    booktitle={Proc. IEEE ICCV},
    pages={5901--5910},
    year={2022}
}

@article{xu2024mvksr,
    title={MvKSR: Multi-view Knowledge-guided Scene Recovery for Hazy and Rainy Degradation},
    author={Xu, Wenyu and Yang, Dong and Gao, Yuan and Lu, Yuxu and Zhang, Jingming and Guo, Yu},
    journal={IEEE Trans. Instrum. Meas.},
    year={2024},
    publisher={IEEE}
}

@article{yin2024multi,
    title={Multi-stage progressive single image dehazing network with feature physics model},
    author={Yin, Haitao and Yang, Pengcheng},
    journal={IEEE Trans. Instrum. Meas.},
    year={2024},
    volume={73},
    number={},
    pages={1-12},
    publisher={IEEE}
}

@inproceedings{yu2011fast,
    title={Fast single image fog removal using edge-preserving smoothing},
    author={Yu, Jing and Liao, Qingmin},
    booktitle={Proc. IEEE ICASSP},
    pages={1245--1248},
    year={2011},
    organization={IEEE}
}

@inproceedings{zhang2014nighttime,
    title={Nighttime haze removal based on a new imaging model},
    author={Zhang, Jing and Cao, Yang and Wang, Zengfu},
    booktitle={Proc. IEEE ICIP},
    pages={4557--4561},
    year={2014}
}

@article{zhang2016nighttime,
    title={Nighttime haze removal with illumination correction},
    author={Zhang, Jing and Cao, Yang and Wang, Zengfu},
    journal={arXiv preprint arXiv:1606.01460},
    year={2016}
}

@inproceedings{zhang2017fast,
    title={Fast haze removal for nighttime image using maximum reflectance prior},
    author={Zhang, Jing and Cao, Yang and Fang, Shuai and Kang, Yu and Wen Chen Chang},
    booktitle={Proc. IEEE CVPR},
    pages={7418--7426},
    year={2017}
}

@inproceedings{zhang2019kindling,
  title={Kindling the darkness: A practical low-light image enhancer},
  author={Zhang, Yonghua and Zhang, Jiawan and Guo, Xiaojie},
  booktitle={Proc. ACM MM},
  pages={1632--1640},
  year={2019}
}

@article{zheng20234k,
    title={4K-HAZE: A dehazing benchmark with 4K resolution hazy and haze-free images},
    author={Zheng, Zhuoran and Jia, Xiuyi},
    journal={arXiv preprint arXiv:2303.15848},
    year={2023}
}

