@article{cao2024illumination,
    title={Illumination map estimation via sparse bright channel for enhancing under-exposed images},
    author={Cao, Wei and Wu, Shiqian and Wang, Dianwei and Agaian, Sos and Song, Zhan},
    journal={IEEE Trans. Intell. Transp. Syst.},
    year={2025},
    volume={26},
    number={1},
    pages={1344-1350},
    publisher={IEEE}
}

@article{xue2022nighttime,
    title={Nighttime pedestrian and vehicle detection based on a fast saliency and multifeature fusion algorithm for infrared images},
    author={Xue, Tao and Zhang, Zunqian and Ma, Weining and Li, Yifan and Yang, Aimin and Ji, Tianhao},
    journal={IEEE Trans. Intell. Transp. Syst.},
    volume={23},
    number={9},
    pages={16741--16751},
    year={2022},
    publisher={IEEE}
}

@article{xu2024mvksr,
    title={MvKSR: Multi-view Knowledge-guided Scene Recovery for Hazy and Rainy Degradation},
    author={Xu, Wenyu and Yang, Dong and Gao, Yuan and Lu, Yuxu and Zhang, Jingming and Guo, Yu},
    journal={IEEE Trans. Instrum. Meas.},
    year={2024},
    publisher={IEEE}
}

@article{zhang2020hazdesnet,
    title={HazDesNet: An end-to-end network for haze density prediction},
    author={Zhang, Jiahe and Min, Xiongkuo and Zhu, Yucheng and Zhai, Guangtao and Zhou, Jiantao and Yang, Xiaokang and Zhang, Wenjun},
    journal={IEEE Trans. Intell. Transp. Syst.},
    volume={23},
    number={4},
    pages={3087--3102},
    year={2020},
    publisher={IEEE}
}

@article{he2010single,
    title={Single image haze removal using dark channel prior},
    author={He, Kaiming and Sun, Jian and Tang, Xiaoou},
    journal={IEEE Trans. Pattern Anal. Mach. Intell.},
    volume={33},
    number={12},
    pages={2341--2353},
    year={2010},
    publisher={IEEE}
}

@article{hummel1977image,
    title = {Image enhancement by histogram transformation},
    journal = {Comput. Graphics and Image Proce.},
    volume = {6},
    number = {2},
    pages = {184-195},
    year = {1977},
    issn = {0146-664X},
    author = {Robert Hummel},
    publisher={Elsevier}
}

@article{land1977retinex,
    title={The retinex theory of color vision},
    author={Land, Edwin H},
    journal={Sci. Am. Mind},
    volume={237},
    number={6},
    pages={108--129},
    year={1977},
    publisher={JSTOR}
}

@inproceedings{guo2020zero,
    title={Zero-reference deep curve estimation for low-light image enhancement},
    author={Guo, Chunle and Li, Chongyi and Guo, Jichang and Loy, Chen Change and Hou, Junhui and Kwong, Sam and Cong, Runmin},
    booktitle={Proc. IEEE ICCV},
    pages={1780--1789},
    year={2020}
}

@article{li2019benchmarking,
    title={Benchmarking single-image dehazing and beyond},
    author={Li, Boyi and Ren, Wenqi and Fu, Dengpan and Tao, Dacheng and Feng, Dan and Zeng, Wenjun and Wang, Zhangyang},
    journal={IEEE Trans. Image Process.},
    volume={28},
    number={1},
    pages={492--505},
    year={2019},
    publisher={IEEE}
}

@article{wang2004image,
    title={Image quality assessment: From error visibility to structural similarity},
    author={Wang, Zhou and Bovik, Alan C and Sheikh, Hamid R and Simoncelli, Eero P},
    journal={IEEE Trans. Image Process.},
    volume={13},
    number={4},
    pages={600--612},
    year={2004},
    publisher={IEEE}
}

@article{mittal2012making,
    title={Making a “completely blind” image quality analyzer},
    author={Mittal, Anish and Soundararajan, Rajiv and Bovik, Alan C},
    journal={IEEE Signal Process Lett.},
    volume={20},
    number={3},
    pages={209--212},
    year={2012},
    publisher={IEEE}
}

@inproceedings{cai2023retinexformer,
    title={Retinexformer: One-stage retinex-based transformer for low-light image enhancement},
    author={Cai, Yuanhao and Bian, Hao and Lin, Jing and Wang, Haoqian and Timofte, Radu and Zhang, Yulun},
    booktitle={Proc. IEEE ICCV},
    pages={12504--12513},
    year={2023}
}

@article{song2023vision,
    title={Vision transformers for single image dehazing},
    author={Song, Yuda and He, Zhuqing and Qian, Hui and Du, Xin},
    journal={IEEE Trans. Image Process.},
    volume={32},
    pages={1927--1941},
    year={2023},
    publisher={IEEE}
}

@article{li2025low,
    title={Low-visibility scene enhancement by isomorphic dual-branch framework with attention learning},
    author={Li, Zhan and Kuang, Wenqing and Bhanu, Bir and Deng, Yifan and Chen, Yihang and Xu, Kangkang},
    journal={IEEE Trans. Intell. Transp. Syst.},
    year={2025},
    publisher={IEEE}
}

@article{liu2022griddehazenet+,
    title={Griddehazenet+: An enhanced multi-scale network with intra-task knowledge transfer for single image dehazing},
    author={Liu, Xiaohong and Shi, Zhihao and Wu, Zijun and Chen, Jun and Zhai, Guangtao},
    journal={IEEE Trans. Intell. Transp. Syst.},
    volume={24},
    number={1},
    pages={870--884},
    year={2022},
    publisher={IEEE}
}

@article{zhang2023generative,
    title={Generative adversarial and self-supervised dehazing network},
    author={Zhang, Shengdong and Zhang, Xiaoqin and Wan, Shaohua and Ren, Wenqi and Zhao, Liping and Shen, Linlin},
    journal={IEEE Trans. Ind. Inf.},
    volume={20},
    number={3},
    pages={4187--4197},
    year={2023},
    publisher={IEEE}
}

@article{hou2024global,
    title={Global structure-aware diffusion process for low-light image enhancement},
    author={Hou, Jinhui and Zhu, Zhiyu and Hou, Junhui and Liu, Hui and Zeng, Huanqiang and Yuan, Hui},
    journal={Adv. Neural Inform. Process. Syst.},
    pages = {79734--79747},
    volume={36},
    year={2024}
}

@article{wang2021salient,
    title={Salient object detection in the deep learning era: An in-depth survey},
    author={Wang, Wenguan and Lai, Qiuxia and Fu, Huazhu and Shen, Jianbing and Ling, Haibin and Yang, Ruigang},
    journal={IEEE Trans. Pattern Anal. Mach. Intell.},
    volume={44},
    number={6},
    pages={3239--3259},
    year={2021},
    publisher={IEEE}
}



@article{borji2015salient,
    title={Salient object detection: A benchmark},
    author={Borji, Ali and Cheng, Ming-Ming and Jiang, Huaizu and Li, Jia},
    journal={IEEE Trans. Image Process.},
    volume={24},
    number={12},
    pages={5706--5722},
    year={2015},
    publisher={IEEE}
}

@inproceedings{guo2025onerestore,
    title={Onerestore: A universal restoration framework for composite degradation},
    author={Guo, Yu and Gao, Yuan and Lu, Yuxu and Zhu, Huilin and Liu, Ryan Wen and He, Shengfeng},
    booktitle={Proc. ECCV},
    pages={255--272},
    year={2025},
    organization={Springer}
}

@inproceedings{qin2020ffa,
    title={FFA-Net: Feature fusion attention network for single image dehazing},
    author={Qin, Xu and Wang, Zhilin and Bai, Yuanchao and Xie, Xiaodong and Jia, Huizhu},
    booktitle={Proc. AAAI},
    volume={34},
    number={07},
    pages={11908--11915},
    year={2020}
}

@article{hao2020low,
    title={Low-light image enhancement with semi-decoupled decomposition},
    author={Hao, Shijie and Han, Xu and Guo, Yanrong and Xu, Xin and Wang, Meng},
    journal={IEEE Trans. Multimedia},
    volume={22},
    number={12},
    pages={3025--3038},
    year={2020},
    publisher={IEEE}
}

@article{liu2021joint,
    title={Joint contrast enhancement and exposure fusion for real-world image dehazing},
    author={Liu, Xiaoning and Li, Hui and Zhu, Ce},
    journal={IEEE Trans. Multimedia},
    volume={24},
    pages={3934--3946},
    year={2021},
    publisher={IEEE}
}

@article{liu2022rank,
    title={Rank-one prior: Real-time scene recovery},
    author={Liu, Jun and Liu, Ryan Wen and Sun, Jianing and Zeng, Tieyong},
    journal={IEEE Trans. Pattern Anal. Mach. Intell.},
    volume={45},
    number={7},
    pages={8845--8860},
    year={2022},
    publisher={IEEE}
}

@article{lu2024aosrnet,
    title={AoSRNet: All-in-one scene recovery networks via multi-knowledge integration},
    author={Lu, Yuxu and Yang, Dong and Gao, Yuan and Liu, Ryan Wen and Liu, Jun and Guo, Yu},
    journal={Knowledge-Based Syst.},
    volume={294},
    pages={111786},
    year={2024},
    publisher={Elsevier}
}

@article{guo2016lime,
    title={LIME: Low-light image enhancement via illumination map estimation},
    author={Guo, Xiaojie and Li, Yu and Ling, Haibin},
    journal={IEEE Trans. Image Process.},
    volume={26},
    number={2},
    pages={982--993},
    year={2016},
    publisher={IEEE}
}

@article{liu2022efinet,
    title={EFINet: Restoration for low-light images via enhancement-fusion iterative network},
    author={Liu, Chunxiao and Wu, Fanding and Wang, Xun},
    journal={IEEE Trans. Circuits Syst. Video Technol.},
    volume={32},
    number={12},
    pages={8486--8499},
    year={2022},
    publisher={IEEE}
}

@article{lin2023smnet,
    title={Smnet: Synchronous multi-scale low light enhancement network with local and global concern},
    author={Lin, Shideng and Tang, Fan and Dong, Weiming and Pan, Xingjia and Xu, Changsheng},
    journal={IEEE Trans. Multimedia},
    volume={25},
    pages={9506--9517},
    year={2023},
    publisher={IEEE}
}

@inproceedings{zhang2014nighttime,
    title={Nighttime haze removal based on a new imaging model},
    author={Zhang, Jing and Cao, Yang and Wang, Zengfu},
    booktitle={Proc. IEEE ICIP},
    pages={4557--4561},
    year={2014}
}

@inproceedings{li2015nighttime,
    title={Nighttime haze removal with glow and multiple light colors},
    author={Li, Yu and Tan, Robby T and Brown, Michael S},
    booktitle={Proc. IEEE ICCV},
    pages={226--234},
    year={2015}
}

@inproceedings{zhang2017fast,
    title={Fast haze removal for nighttime image using maximum reflectance prior},
    author={Zhang, Jing and Cao, Yang and Fang, Shuai and Kang, Yu and Wen Chen Chang},
    booktitle={Proc. IEEE CVPR},
    pages={7418--7426},
    year={2017}
}

@inproceedings{zhang2020nighttime,
    title={Nighttime dehazing with a synthetic benchmark},
    author={Zhang, Jing and Cao, Yang and Zha, Zheng-Jun and Tao, Dacheng},
    booktitle={Proc. ACM MM},
    year={2020}
}

@article{zheng20234k,
    title={4K-HAZE: A dehazing benchmark with 4K resolution hazy and haze-free images},
    author={Zheng, Zhuoran and Jia, Xiuyi},
    journal={arXiv preprint arXiv:2303.15848},
    year={2023}
}

@inproceedings{jin2023enhancing,
    title={Enhancing visibility in nighttime haze images using guided apsf and gradient adaptive convolution},
    author={Jin, Yeying and Lin, Beibei and Yan, Wending and Yuan, Yuan and Ye, Wei and Tan, Robby T},
    booktitle={Proc. ACM MM},
    pages={2446--2457},
    year={2023}
}

@article{yin2024multi,
    title={Multi-stage progressive single image dehazing network with feature physics model},
    author={Yin, Haitao and Yang, Pengcheng},
    journal={IEEE Trans. Instrum. Meas.},
    year={2024},
    volume={73},
    number={},
    pages={1-12},
    publisher={IEEE}
}

@article{qin2020u2,
    title={U2-Net: Going deeper with nested U-structure for salient object detection},
    author={Qin, Xuebin and Zhang, Zichen and Huang, Chenyang and Dehghan, Masood and Zaiane, Osmar R and Jagersand, Martin},
    journal={Pattern Recognit.},
    volume={106},
    pages={107404},
    year={2020},
    publisher={Elsevier}
}


@inproceedings{yu2011fast,
    title={Fast single image fog removal using edge-preserving smoothing},
    author={Yu, Jing and Liao, Qingmin},
    booktitle={Proc. IEEE ICASSP},
    pages={1245--1248},
    year={2011},
    organization={IEEE}
}

@article{oakley1998improving,
    title={Improving image quality in poor visibility conditions using a physical model for contrast degradation},
    author={Oakley, John P and Satherley, Brenda L},
    journal={IEEE Trans. Image Process.},
    volume={7},
    number={2},
    pages={167--179},
    year={1998},
    publisher={IEEE}
}

@article{fattal2014dehazing,
    title={Dehazing using color-lines},
    author={Fattal, Raanan},
    journal={ACM Trans. Graphics},
    volume={34},
    number={1},
    pages={1--14},
    year={2014},
    publisher={ACM New York, NY, USA}
}

@article{park2020fusion,
    title={Fusion of heterogeneous adversarial networks for single image dehazing},
    author={Park, Jaihyun and Han, David K and Ko, Hanseok},
    journal={IEEE Trans. Image Process.},
    volume={29},
    pages={4721--4732},
    year={2020},
    publisher={IEEE}
}

@article{cai2016dehazenet,
    title={Dehazenet: An end-to-end system for single image haze removal},
    author={Cai, Bolun and Xu, Xiangmin and Jia, Kui and Qing, Chunmei and Tao, Dacheng},
    journal={IEEE Trans. Image Process.},
    volume={25},
    number={11},
    pages={5187--5198},
    year={2016},
    publisher={IEEE}
}

@inproceedings{li2017aod,
    title={Aod-net: All-in-one dehazing network},
    author={Li, Boyi and Peng, Xiulian and Wang, Zhangyang and Xu, Jizheng and Feng, Dan},
    booktitle={Proc. IEEE ICCV},
    pages={4770--4778},
    year={2017}
}

@inproceedings{dudhane2019cdnet,
    title={Cdnet: Single image de-hazing using unpaired adversarial training},
    author={Dudhane, Akshay and Murala, Subrahmanyam},
    booktitle={Proc. IEEE WACV},
    pages={1147--1155},
    year={2019},
    organization={IEEE}
}

@inproceedings{engin2018cycle,
    title={Cycle-dehaze: Enhanced cyclegan for single image dehazing},
    author={Engin, Deniz and Gen{\c{c}}, Anil and Kemal Ekenel, Hazim},
    booktitle={Proc. IEEE CVPRW},
    pages={825--833},
    year={2018}
}

@article{zhang2016nighttime,
    title={Nighttime haze removal with illumination correction},
    author={Zhang, Jing and Cao, Yang and Wang, Zengfu},
    journal={arXiv preprint arXiv:1606.01460},
    year={2016}
}

@inproceedings{cong2024semi,
    title={A semi-supervised nighttime dehazing baseline with spatial-frequency aware and realistic brightness constraint},
    author={Cong, Xiaofeng and Gui, Jie and Zhang, Jing and Hou, Junming and Shen, Hao},
    booktitle={Proc. IEEE CVPR},
    pages={2631--2640},
    year={2024}
}

@inproceedings{liao2018hdp,
    title={Hdp-net: Haze density prediction network for nighttime dehazing},
    author={Liao, Yinghong and Su, Zhuo and Liang, Xiangguo and Qiu, Bin},
    booktitle={Proc. PCM},
    pages={469--480},
    year={2018},
    organization={Springer}
}

@inproceedings{koo2020nighttime,
    title={Nighttime haze removal with glow decomposition using GAN},
    author={Koo, Beomhyuk and Kim, Gyeonghwan},
    booktitle={Proc. ACPR},
    pages={807--820},
    year={2020},
    organization={Springer}
}

@inproceedings{zhang2019kindling,
  title={Kindling the darkness: A practical low-light image enhancer},
  author={Zhang, Yonghua and Zhang, Jiawan and Guo, Xiaojie},
  booktitle={Proc. ACM MM},
  pages={1632--1640},
  year={2019}
}

@article{gong2024tsnet,
  title={Tsnet: a two-stage network for image dehazing with multi-scale fusion and adaptive learning},
  author={Gong, Xiaolin and Zheng, Zehan and Du, Heyuan},
  journal={Signal, Image Video Process.},
  volume={18},
  number={10},
  pages={7119--7130},
  year={2024},
  publisher={Springer}
}

@inproceedings{wu2022uretinex,
    title={Uretinex-net: Retinex-based deep unfolding network for low-light image enhancement},
    author={Wu, Wenhui and Weng, Jian and Zhang, Pingping and Wang, Xu and Yang, Wenhan and Jiang, Jianmin},
    booktitle={Proc. IEEE ICCV},
    pages={5901--5910},
    year={2022}
}

@article{pizer1987adaptive,
    title={Adaptive histogram equalization and its variations},
    author={Pizer, Stephen M and Amburn, E Philip and Austin, John D and Cromartie, Robert and Geselowitz, Ari and Greer, Trey and ter Haar Romeny, Bart and Zimmerman, John B and Zuiderveld, Karel},
    journal={Computer vision, graphics, and image processing},
    volume={39},
    number={3},
    pages={355--368},
    year={1987},
    publisher={Elsevier}
}

@inproceedings{pei2012nighttime,
    title={Nighttime haze removal using color transfer pre-processing and dark channel prior},
    author={Pei, Soo-Chang and Lee, Tzu-Yen},
    booktitle={Proc. IEEE ICIP},
    pages={957--960},
    year={2012},
    organization={IEEE}
}

MKoIE