@inproceedings{bourtoule2021machine,
  title={Machine unlearning},
  author={Bourtoule, Lucas and Chandrasekaran, Varun and Choquette-Choo, Christopher A and Jia, Hengrui and Travers, Adelin and Zhang, Baiwu and Lie, David and Papernot, Nicolas},
  booktitle={2021 IEEE Symposium on Security and Privacy (SP)},
  pages={141--159},
  year={2021},
  organization={IEEE}
}

@inproceedings{brophy2021machine,
  title={Machine unlearning for random forests},
  author={Brophy, Jonathan and Lowd, Daniel},
  booktitle={International Conference on Machine Learning},
  pages={1092--1104},
  year={2021},
  organization={PMLR}
}

@inproceedings{chen2022graph,
  title={Graph unlearning},
  author={Chen, Min and Zhang, Zhikun and Wang, Tianhao and Backes, Michael and Humbert, Mathias and Zhang, Yang},
  booktitle={Proceedings of the 2022 ACM SIGSAC conference on computer and communications security},
  pages={499--513},
  year={2022}
}

@inproceedings{chen2022recommendation,
  title={Recommendation unlearning},
  author={Chen, Chong and Sun, Fei and Zhang, Min and Ding, Bolin},
  booktitle={Proceedings of the ACM Web Conference 2022},
  pages={2768--2777},
  year={2022}
}

@article{chzhen2020fair,
  title={Fair regression with {W}asserstein barycenters},
  author={Chzhen, Evgenii and Denis, Christophe and Hebiri, Mohamed and Oneto, Luca and Pontil, Massimiliano},
  journal={Advances in Neural Information Processing Systems},
  volume={33},
  pages={7321--7331},
  year={2020}
}

@inproceedings{dwork2012fairness,
  title={Fairness through awareness},
  author={Dwork, Cynthia and Hardt, Moritz and Pitassi, Toniann and Reingold, Omer and Zemel, Richard},
  booktitle={Proceedings of the 3rd innovations in theoretical computer science conference},
  pages={214--226},
  year={2012}
}

@article{ginart2019making,
  title={Making {AI} forget you: Data deletion in machine learning},
  author={Ginart, Antonio and Guan, Melody and Valiant, Gregory and Zou, James Y},
  journal={Advances in neural information processing systems},
  volume={32},
  year={2019}
}

@inproceedings{golatkar2020eternal,
  title={Eternal sunshine of the spotless net: Selective forgetting in deep networks},
  author={Golatkar, Aditya and Achille, Alessandro and Soatto, Stefano},
  booktitle={Proceedings of the IEEE/CVF Conference on Computer Vision and Pattern Recognition},
  pages={9304--9312},
  year={2020}
}

@inproceedings{golatkar2020forgetting,
  title={Forgetting outside the box: Scrubbing deep networks of information accessible from input-output observations},
  author={Golatkar, Aditya and Achille, Alessandro and Soatto, Stefano},
  booktitle={Computer Vision--ECCV 2020: 16th European Conference, Glasgow, UK, August 23--28, 2020, Proceedings, Part XXIX 16},
  pages={383--398},
  year={2020},
  organization={Springer}
}

@article{gouic2020projection,
  title={Projection to fairness in statistical learning},
  author={Gouic, Thibaut Le and Loubes, Jean-Michel and Rigollet, Philippe},
  journal={arXiv preprint arXiv:2005.11720},
  year={2020}
}

@inproceedings{graves2021amnesiac,
  title={Amnesiac machine learning},
  author={Graves, Laura and Nagisetty, Vineel and Ganesh, Vijay},
  booktitle={Proceedings of the AAAI Conference on Artificial Intelligence},
  volume={35},
  number={13},
  pages={11516--11524},
  year={2021}
}

@article{guo2020certified,
  title={Certified data removal from machine learning models},
  author={Guo, Cheng, Goldstein, Tom and Pustelnik, Noga},
  journal={arXiv preprint arXiv:1911.07252},
  year={2020}
}

@article{han2024unlearning,
  title={Unlearning Information Bottleneck: Machine Unlearning of Systematic Patterns and Biases},
  author={Han, Ling and Huang, Hao and Scheinost, Dustin and Hartley, Mary-Anne and Mart{\'\i}nez, Mar{\'\i}a Rodr{\'\i}guez},
  journal={arXiv preprint arXiv:2405.14020},
  year={2024}
}

@article{li2021unlearning,
  title={Machine unlearning via representation forgetting with parameter self-sharing},
  author={Li, Xinyang and Feng, Lei and Liu, Junjie and Hu, Dong},
  journal={Proceedings of the 38th International Conference on Machine Learning},
  year={2021}
}

@inproceedings{mehta2022deep,
  title={Deep unlearning via randomized conditionally independent hessians},
  author={Mehta, Ronak and Pal, Sourav and Singh, Vikas and Ravi, Sathya N},
  booktitle={Proceedings of the IEEE/CVF Conference on Computer Vision and Pattern Recognition},
  pages={10422--10431},
  year={2022}
}

@article{nguyen2022survey,
  title={A survey of machine unlearning},
  author={Nguyen, Thanh Tam and Huynh, Thanh Trung and Ren, Zhao and Nguyen, Phi Le and Liew, Alan Wee-Chung and Yin, Hongzhi and Nguyen, Quoc Viet Hung},
  journal={arXiv preprint arXiv:2209.02299},
  year={2022}
}

@inproceedings{schelter2021hedgecut,
  title={Hedgecut: Maintaining randomised trees for low-latency machine unlearning},
  author={Schelter, Sebastian and Grafberger, Stefan and Dunning, Ted},
  booktitle={Proceedings of the 2021 International Conference on Management of Data},
  pages={1545--1557},
  year={2021}
}

@article{sekhari2021remember,
  title={Remember what you want to forget: Algorithms for machine unlearning},
  author={Sekhari, Aditi and Kaplan, Jonathan and Acharya, Jayadev and Kamath, Gautam},
  journal={Advances in Neural Information Processing Systems},
  volume={34},
  year={2021}
}

@article{suriyakumar2022algorithms,
  title={Algorithms that approximate data removal: New results and limitations},
  author={Suriyakumar, Vinith and Wilson, Ashia C},
  journal={Advances in Neural Information Processing Systems},
  volume={35},
  pages={18892--18903},
  year={2022}
}

@article{tanno2022repairing,
  title={Repairing neural networks by leaving the right past behind},
  author={Tanno, Ryutaro and F Pradier, Melanie and Nori, Aditya and Li, Yingzhen},
  journal={Advances in Neural Information Processing Systems},
  volume={35},
  pages={13132--13145},
  year={2022}
}

@article{wang2024machine,
  title={Machine unlearning: A comprehensive survey},
  author={Wang, Weiqi and Tian, Zhiyi and Zhang, Chenhan and Yu, Shui},
  journal={arXiv preprint arXiv:2405.07406},
  year={2024}
}

@article{warnecke2021machine,
  title={Machine unlearning of features and labels},
  author={Warnecke, Alexander and Pirch, Lukas and Wressnegger, Christian and Rieck, Konrad},
  journal={arXiv preprint arXiv:2108.11577},
  year={2021}
}

@article{weisberg1982residuals,
  title={Residuals and influence in regression},
  author={Weisberg, Sanford and Cook, R Dennis},
  year={1982},
  publisher={Chapman \& Hall}
}

@inproceedings{wu2022puma,
  title={Puma: Performance unchanged model augmentation for training data removal},
  author={Wu, Ga and Hashemi, Masoud and Srinivasa, Christopher},
  booktitle={Proceedings of the AAAI conference on artificial intelligence},
  volume={36},
  number={8},
  pages={8675--8682},
  year={2022}
}

@article{xu2023fair,
  title={Fair data representation for machine learning at the {P}areto frontier},
  author={Xu, Shizhou and Strohmer, Thomas},
  journal={Journal of Machine Learning Research},
  volume={24},
  number={331},
  pages={1--63},
  year={2023}
}

@article{xu2024machine,
  title={Machine unlearning: Solutions and challenges},
  author={Xu, Jie and Wu, Zihan and Wang, Cong and Jia, Xiaohua},
  journal={IEEE Transactions on Emerging Topics in Computational Intelligence},
  year={2024},
  publisher={IEEE}
}

@inproceedings{yan2022arcane,
  title={ARCANE: An Efficient Architecture for Exact Machine Unlearning.},
  author={Yan, Haonan and Li, Xiaoguang and Guo, Ziyao and Li, Hui and Li, Fenghua and Lin, Xiaodong},
  booktitle={IJCAI},
  volume={6},
  pages={19},
  year={2022}
}

