@article{agueh2011barycenters,
  title={Barycenters in the {W}asserstein space},
  author={Agueh, Martial and Carlier, Guillaume},
  journal={SIAM Journal on Mathematical Analysis},
  volume={43},
  number={2},
  pages={904--924},
  year={2011},
  publisher={SIAM}
}

@article{spath1986anticlustering,
  title={Anticlustering: Maximizing the variance criterion},
  author={Sp{\"a}th, H},
  journal={Control and Cybernetics},
  volume={15},
  number={2},
  pages={213--218},
  year={1986}
}

@article{sweeney2002k,
  title={k-anonymity: A model for protecting privacy},
  author={Sweeney, Latanya},
  journal={International journal of uncertainty, fuzziness and knowledge-based systems},
  volume={10},
  number={05},
  pages={557--570},
  year={2002},
  publisher={World Scientific}
}

@article{machanavajjhala2007diversity,
  title={l-diversity: Privacy beyond k-anonymity},
  author={Machanavajjhala, Ashwin and Kifer, Daniel and Gehrke, Johannes and Venkitasubramaniam, Muthuramakrishnan},
  journal={ACM Transactions on Knowledge Discovery from Data (TKDD)},
  volume={1},
  number={1},
  pages={3--es},
  year={2007},
  publisher={ACM New York, NY, USA}
}

@inproceedings{li2006t,
  title={t-closeness: Privacy beyond k-anonymity and l-diversity},
  author={Li, Ninghui and Li, Tiancheng and Venkatasubramanian, Suresh},
  booktitle={2007 IEEE 23rd international conference on data engineering},
  pages={106--115},
  year={2006},
  organization={IEEE}
}

@inproceedings{dwork2006differential,
  title={Differential privacy},
  author={Dwork, Cynthia},
  booktitle={International colloquium on automata, languages, and programming},
  pages={1--12},
  year={2006},
  organization={Springer}
}

@article{rodriguez2013artificial,
  title={An artificial bee colony algorithm for the maximally diverse grouping problem},
  author={Rodriguez, Francisco J and Lozano, Manuel and Garc{\'\i}a-Mart{\'\i}nez, Carlos and Gonz{\'a}lez-Barrera, Jonathan D},
  journal={Information Sciences},
  volume={230},
  pages={183--196},
  year={2013},
  publisher={Elsevier}
}

@article{gallego2013tabu,
  title={Tabu search with strategic oscillation for the maximally diverse grouping problem},
  author={Gallego, Micael and Laguna, Manuel and Mart{\'\i}, Rafael and Duarte, Abraham},
  journal={Journal of the Operational Research Society},
  volume={64},
  number={5},
  pages={724--734},
  year={2013},
  publisher={Taylor \& Francis}
}

@article{feo1992one,
  title={One-half approximation algorithms for the k-partition problem},
  author={Feo, Thomas and Goldschmidt, Olivier and Khellaf, Mallek},
  journal={Operations Research},
  volume={40},
  number={1-supplement-1},
  pages={S170--S173},
  year={1992},
  publisher={INFORMS}
}

@article{papenberg2024k,
  title={K-Plus anticlustering: An improved k-means criterion for maximizing between-group similarity},
  author={Papenberg, Martin},
  journal={British Journal of Mathematical and Statistical Psychology},
  volume={77},
  number={1},
  pages={80--102},
  year={2024},
  publisher={Wiley Online Library}
}

@inproceedings{rozemberczki2019gemsec,    
    title={GEMSEC: Graph Embedding with Self Clustering},    
    author={Rozemberczki, Benedek and Davies, Ryan and Sarkar, Rik and Sutton, Charles},    
    booktitle={Proceedings of the 2019 IEEE/ACM International Conference on Advances in Social Networks Analysis and Mining 2019},    
    pages={65-72},    
    year={2019},    
    organization={ACM}    
    }

@article{brimberg2015solving,
  title={Solving the maximally diverse grouping problem by skewed general variable neighborhood search},
  author={Brimberg, Jack and Mladenovi{\'c}, Nenad and Uro{\v{s}}evi{\'c}, Dragan},
  journal={Information Sciences},
  volume={295},
  pages={650--675},
  year={2015},
  publisher={Elsevier}
}

@inproceedings{zaccone2022speeding,
  title={Speeding up heterogeneous federated learning with sequentially trained superclients},
  author={Zaccone, Riccardo and Rizzardi, Andrea and Caldarola, Debora and Ciccone, Marco and Caputo, Barbara},
  booktitle={2022 26th International Conference on Pattern Recognition (ICPR)},
  pages={3376--3382},
  year={2022},
  organization={IEEE}
}

@article{feo1990class,
  title={A class of bounded approximation algorithms for graph partitioning},
  author={Feo, Thomas A and Khellaf, Mallek},
  journal={Networks},
  volume={20},
  number={2},
  pages={181--195},
  year={1990},
  publisher={Wiley Online Library}
}

@inproceedings{mohri2019agnostic,
  title={Agnostic federated learning},
  author={Mohri, Mehryar and Sivek, Gary and Suresh, Ananda Theertha},
  booktitle={International Conference on Machine Learning},
  pages={4615--4625},
  year={2019},
  organization={PMLR}
}

@inproceedings{du2021fairness,
  title={Fairness-aware agnostic federated learning},
  author={Du, Wei and Xu, Depeng and Wu, Xintao and Tong, Hanghang},
  booktitle={Proceedings of the 2021 SIAM International Conference on Data Mining (SDM)},
  pages={181--189},
  year={2021},
  organization={SIAM}
}

@article{baker2002methods,
  title={Methods for assigning students to groups: A study of alternative objective functions},
  author={Baker, Kenneth R and Powell, Stephen G},
  journal={Journal of the Operational Research Society},
  volume={53},
  pages={397--404},
  year={2002},
  publisher={Springer}
}

@article{fan2011erratum,
  title={Erratum: A hybrid genetic algorithmic approach to the maximally diverse grouping problem},
  author={Fan, Zhi-Ping and Chen, Y and Ma, Jian and Zeng, S},
  journal={Journal of the Operational Research Society},
  volume={62},
  number={7},
  pages={1423--1430},
  year={2011},
  publisher={Taylor \& Francis}
}

@article{bhadury2000maximizing,
  title={Maximizing workforce diversity in project teams: A network flow approach},
  author={Bhadury, Joyendu and Mighty, E Joy and Damar, Hario},
  journal={Omega},
  volume={28},
  number={2},
  pages={143--153},
  year={2000},
  publisher={Elsevier}
}

@article{o1997heuristic,
  title={A heuristic algorithm for the equitable partitioning problem},
  author={O'Brien, Frances A and Mingers, J},
  journal={Omega},
  volume={25},
  number={2},
  pages={215--223},
  year={1997},
  publisher={Elsevier}
}

@article{morgan2012rerandomization,
  title={Rerandomization to improve covariate balance in experiments},
  author={Morgan, Kari Lock and Rubin, Donald B},
  year={2012}
}

@incollection{fisher1992arrangement,
  title={The arrangement of field experiments},
  author={Fisher, Ronald A},
  booktitle={Breakthroughs in statistics: Methodology and distribution},
  pages={82--91},
  year={1992},
  publisher={Springer}
}

@article{rosenberger2008handling,
author = {William F. Rosenberger and Oleksandr Sverdlov},
title = {{Handling Covariates in the Design of Clinical Trials}},
volume = {23},
journal = {Statistical Science},
number = {3},
publisher = {Institute of Mathematical Statistics},
pages = {404 -- 419},
keywords = {Balance, covariate-adaptive randomization, covariate-adjusted response-adaptive randomization, efficiency, ethics},
year = {2008},
doi = {10.1214/08-STS269},
URL = {https://doi.org/10.1214/08-STS269}
}


@article{krause2003random,
  title={What random assignment does and does not do},
  author={Krause, Merton S and Howard, Kenneth I},
  journal={Journal of Clinical Psychology},
  volume={59},
  number={7},
  pages={751--766},
  year={2003},
  publisher={Wiley Online Library}
}

@article{yates1939comparative,
  title={The comparative advantages of systematic and randomized arrangements in the design of agricultural and biological experiments},
  author={Yates, Frank},
  journal={Biometrika},
  volume={30},
  number={3/4},
  pages={440--466},
  year={1939},
  publisher={JSTOR}
}

@article{altschuler2022wasserstein,
  title={Wasserstein barycenters are {NP}-hard to compute},
  author={Altschuler, Jason M and Boix-Adsera, Enric},
  journal={SIAM Journal on Mathematics of Data Science},
  volume={4},
  number={1},
  pages={179--203},
  year={2022},
  publisher={SIAM}
}

@article{suresh2011overview,
  title={An overview of randomization techniques: An unbiased assessment of outcome in clinical research},
  author={Suresh, KP},
  journal={Journal of human reproductive sciences},
  volume={4},
  number={1},
  pages={8--11},
  year={2011},
  publisher={Medknow}
}

@article{ma2024new,
  title={A new and unified family of covariate adaptive randomization procedures and their properties},
  author={Ma, Wei and Li, Ping and Zhang, Li-Xin and Hu, Feifang},
  journal={Journal of the American Statistical Association},
  volume={119},
  number={545},
  pages={151--162},
  year={2024},
  publisher={Taylor \& Francis}
}

@book{rosenberger2015randomization,
  title={Randomization in clinical trials: theory and practice},
  author={Rosenberger, William F and Lachin, John M},
  year={2015},
  publisher={John Wiley \& Sons}
}

@article{rosenberger2019randomization,
  title={Randomization: The forgotten component of the randomized clinical trial},
  author={Rosenberger, William F and Uschner, Diane and Wang, Yanying},
  journal={Statistics in medicine},
  volume={38},
  number={1},
  pages={1--12},
  year={2019},
  publisher={Wiley Online Library}
}

@book{villani2008optimal,
  title={Optimal Transport: Old and New},
  author={Villani, C.},
  isbn={9783540710509},
  lccn={2008932183},
  series={Grundlehren der mathematischen Wissenschaften},
  url={https://books.google.com/books?id=hV8o5R7_5tkC},
  year={2008},
  publisher={Springer Berlin Heidelberg}
}

@article{JMLR:v24:22-0005,
  author  = {Shizhou Xu and Thomas Strohmer},
  title   = {Fair Data Representation for Machine Learning at the {P}areto Frontier},
  journal = {Journal of Machine Learning Research},
  year    = {2023},
  volume  = {24},
  number  = {331},
  pages   = {1--63},
  url     = {http://jmlr.org/papers/v24/22-0005.html}
}

@article{senn2013seven,
  title={Seven myths of randomisation in clinical trials},
  author={Senn, Stephen},
  journal={Statistics in medicine},
  volume={32},
  number={9},
  pages={1439--1450},
  year={2013},
  publisher={Wiley Online Library}
}

@article{Spielman2024,
  title={Balancing covariates in randomized experiments with the {G}ram--{S}chmidt walk design},
  author={Harshaw, Christopher and S{\"a}vje, Fredrik and Spielman, Daniel A and Zhang, Peng},
  journal={Journal of the American Statistical Association},
  pages={1--13},
  year={2024},
  publisher={Taylor \& Francis}
}

@article{coart2023minimization,
  title={Minimization in randomized clinical trials},
  author={Coart, Elisabeth and Bamps, Perrine and Quinaux, Emmanuel and Sturbois, Genevi{\`e}ve and Saad, Everardo D and Burzykowski, Tomasz and Buyse, Marc},
  journal={Statistics in Medicine},
  volume={42},
  number={28},
  pages={5285--5311},
  year={2023},
  publisher={Wiley Online Library}
}

@article{kernan1999stratified,
  title={Stratified randomization for clinical trials},
  author={Kernan, Walter N and Viscoli, Catherine M and Makuch, Robert W and Brass, Lawrence M and Horwitz, Ralph I},
  journal={Journal of clinical epidemiology},
  volume={52},
  number={1},
  pages={19--26},
  year={1999},
  publisher={Elsevier}
}

@article{scott2002method,
  title={The method of minimization for allocation to clinical trials: a review},
  author={Scott, Neil W and McPherson, Gladys C and Ramsay, Craig R and Campbell, Marion K},
  journal={Controlled clinical trials},
  volume={23},
  number={6},
  pages={662--674},
  year={2002},
  publisher={Elsevier}
}

@inproceedings{wang2023b,
  title={{A/B} testing in network data with covariate-adaptive randomization},
  author={Wang, Jialu and Li, Ping and Hu, Feifang},
  booktitle={International Conference on Machine Learning},
  pages={35949--35969},
  year={2023},
  organization={PMLR}
}

@article{duflo2007using,
  title={Using randomization in development economics research: A toolkit},
  author={Duflo, Esther and Glennerster, Rachel and Kremer, Michael},
  journal={Handbook of development economics},
  volume={4},
  pages={3895--3962},
  year={2007},
  publisher={Elsevier}
}

@article{lecun2010mnist,
  title={MNIST handwritten digit database},
  author={LeCun, Yann and Cortes, Corinna and Burges, CJ},
  journal={ATT Labs [Online]. Available: http://yann.lecun.com/exdb/mnist},
  volume={2},
  year={2010}
}

@article{sprott1993randomization,
  title={Randomization in experimental science},
  author={Sprott, DA and Farewell, VT},
  journal={Statistical Papers},
  volume={34},
  pages={89--94},
  year={1993},
  publisher={Springer}
}

@article{10.1214/12-AOS1008,
author = {Kari Lock Morgan and Donald B. Rubin},
title = {{Rerandomization to improve covariate balance in experiments}},
volume = {40},
journal = {The Annals of Statistics},
number = {2},
publisher = {Institute of Mathematical Statistics},
pages = {1263 -- 1282},
keywords = {causal effect, clinical trial, Experimental design, Hotelling’s $T^{2}$, Mahalanobis distance, Randomization, treatment allocation},
year = {2012},
doi = {10.1214/12-AOS1008},
URL = {https://doi.org/10.1214/12-AOS1008}
}


@article{efron1971forcing,
  title={Forcing a sequential experiment to be balanced},
  author={Efron, Bradley},
  journal={Biometrika},
  volume={58},
  number={3},
  pages={403--417},
  year={1971},
  publisher={Oxford University Press}
}

@article{bertoni2012size,
  title={Size constrained distance clustering: separation properties and some complexity results},
  author={Bertoni, Alberto and Goldwurm, Massimiliano and Lin, Jianyi and Sacc{\`a}, Francesco},
  journal={Fundamenta Informaticae},
  volume={115},
  number={1},
  pages={125--139},
  year={2012},
  publisher={IOS press}
}

@article{bradley2000constrained,
  title={Constrained k-means clustering},
  author={Bradley, Paul S and Bennett, Kristin P and Demiriz, Ayhan},
  journal={Microsoft Research, Redmond},
  volume={20},
  number={0},
  pages={0},
  year={2000}
}

@software{Levy-Kramer_k-means-constrained_2018,
author = {Levy-Kramer, Josh},
month = apr,
title = {{k-means-constrained}},
url = {https://github.com/joshlk/k-means-constrained},
year = {2018},
}

@article{senn2010comparisons,
  title={Comparisons of minimization and Atkinson's algorithm},
  author={Senn, Stephen and Anisimov, Vladimir V and Fedorov, Valerii V},
  journal={Statistics in Medicine},
  volume={29},
  number={7-8},
  pages={721--730},
  year={2010},
  publisher={Wiley Online Library}
}

@article{smith1984sequential,
  title={Sequential treatment allocation using biased coin designs},
  author={Smith, Richard L},
  journal={Journal of the Royal Statistical Society Series B: Statistical Methodology},
  volume={46},
  number={3},
  pages={519--543},
  year={1984},
  publisher={Oxford University Press}
}

@article{10.1214/08-STS269,
author = {William F. Rosenberger and Oleksandr Sverdlov},
title = {{Handling Covariates in the Design of Clinical Trials}},
volume = {23},
journal = {Statistical Science},
number = {3},
publisher = {Institute of Mathematical Statistics},
pages = {404 -- 419},
keywords = {Balance, covariate-adaptive randomization, covariate-adjusted response-adaptive randomization, efficiency, ethics},
year = {2008},
doi = {10.1214/08-STS269},
URL = {https://doi.org/10.1214/08-STS269}
}

@article{10.1214/12-AOS983,
author = {Yanqing Hu and Feifang Hu},
title = {{Asymptotic properties of covariate-adaptive randomization}},
volume = {40},
journal = {The Annals of Statistics},
number = {3},
publisher = {Institute of Mathematical Statistics},
pages = {1794 -- 1815},
keywords = {Balancing covariates, clinical trial, marginal balance, Markov chain, Pocock and Simon’s design, stratified permuted block},
year = {2012},
doi = {10.1214/12-AOS983},
URL = {https://doi.org/10.1214/12-AOS983}
}

@article{atkinson1982optimum,
  title={Optimum biased coin designs for sequential clinical trials with prognostic factors},
  author={Atkinson, Anthony C},
  journal={Biometrika},
  volume={69},
  number={1},
  pages={61--67},
  year={1982},
  publisher={Oxford University Press}
}

@article{taves1974minimization,
  title={Minimization: a new method of assigning patients to treatment and control groups},
  author={Taves, Donald R},
  journal={Clinical Pharmacology \& Therapeutics},
  volume={15},
  number={5},
  pages={443--453},
  year={1974},
  publisher={Wiley Online Library}
}

@article{pocock1975sequential,
  title={Sequential treatment assignment with balancing for prognostic factors in the controlled clinical trial},
  author={Pocock, Stuart J and Simon, Richard},
  journal={Biometrics},
  pages={103--115},
  year={1975},
  publisher={JSTOR}
}

@article{xu2024compatibility,
  title={On the (in) compatibility between group fairness and individual fairness},
  author={Xu, Shizhou and Strohmer, Thomas},
  journal={arXiv preprint arXiv:2401.07174},
  year={2024}
}

@article{munk1998nonparametric,
  title={Nonparametric validation of similar distributions and assessment of goodness of fit},
  author={Munk, Axel and Czado, Claudia},
  journal={Journal of the Royal Statistical Society Series B: Statistical Methodology},
  volume={60},
  number={1},
  pages={223--241},
  year={1998},
  publisher={Oxford University Press}
}

@article{czado1998assessing,
  title={Assessing the similarity of distributions-finite sample performance of the empirical Mallows distance},
  author={Czado, Claudia and Munk, Axel},
  journal={Journal of Statistical Computation and Simulation},
  volume={60},
  number={4},
  pages={319--346},
  year={1998},
  publisher={Taylor \& Francis}
}

@article{del2019central,
  title={Central limit theorem and bootstrap procedure for {W}asserstein’s variations with an application to structural relationships between distributions},
  author={Del Barrio, Eustasio and Gordaliza, Paula and Lescornel, H{\'e}l{\`e}ne and Loubes, Jean-Michel},
  journal={Journal of Multivariate Analysis},
  volume={169},
  pages={341--362},
  year={2019},
  publisher={Elsevier}
}

@article{alvarez2016fixed,
  title={A fixed-point approach to barycenters in {W}asserstein space},
  author={{\'A}lvarez-Esteban, Pedro C and Del Barrio, E and Cuesta-Albertos, JA and Matr{\'a}n, C},
  journal={Journal of Mathematical Analysis and Applications},
  volume={441},
  number={2},
  pages={744--762},
  year={2016},
  publisher={Elsevier}
}

@book{villani2021topics,
  title={Topics in optimal transportation},
  author={Villani, C{\'e}dric},
  volume={58},
  year={2021},
  publisher={American Mathematical Soc.}
}

@article{warnecke2021machine,
  title={Machine unlearning of features and labels},
  author={Warnecke, Alexander and Pirch, Lukas and Wressnegger, Christian and Rieck, Konrad},
  journal={arXiv preprint arXiv:2108.11577},
  year={2021}
}


@article{hjelm2018deepinfomax,
  title={Learning Deep Representations by Mutual Information Estimation and Maximization},
  author={Hjelm, R Devon and Fedorov, Alex and Lavoie-Marchildon, Samuel and Grewal, Karan and Bachman, Philip and Trischler, Adam and Bengio, Yoshua},
  journal={arXiv preprint arXiv:1808.06670},
  year={2018}
}

@inproceedings{oord2018cpc,
  title={Representation Learning with Contrastive Predictive Coding},
  author={van den Oord, Aaron and Li, Yazhe and Vinyals, Oriol},
  booktitle={Advances in Neural Information Processing Systems},
  pages={10223--10233},
  year={2018}
}

@inproceedings{higgins2017betaVAE,
  title={beta-VAE: Learning Basic Visual Concepts with a Constrained Variational Framework},
  author={Higgins, Irina and Matthey, Loic and Pal, Arka and Burgess, Christopher and Glorot, Xavier and Botvinick, Matthew and Mohamed, Shakir and Lerchner, Alexander},
  booktitle={International Conference on Learning Representations},
  year={2017}
}

@inproceedings{alemi2017vib,
  title={Deep Variational Information Bottleneck},
  author={Alemi, Alexander A and Fischer, Ian and Dillon, Joshua V and Murphy, Kevin},
  booktitle={International Conference on Learning Representations},
  year={2017}
}

@inproceedings{chen2016infogan,
  title={{InfoGAN}: Interpretable Representation Learning by Information Maximizing Generative Adversarial Nets},
  author={Chen, Xi and Duan, Yan and Houthooft, Rein and Schulman, John and Sutskever, Ilya and Abbeel, Pieter},
  booktitle={Advances in Neural Information Processing Systems},
  pages={2172--2180},
  year={2016}
}

@article{criminisi2012decision,
  title={Decision forests: A unified framework for classification, regression, density estimation, manifold learning and semi-supervised learning},
  author={Criminisi, Antonio and Shotton, Jamie and Konukoglu, Ender and others},
  journal={Foundations and trends{\textregistered} in computer graphics and vision},
  volume={7},
  number={2--3},
  pages={81--227},
  year={2012},
  publisher={Now Publishers, Inc.}
}

@incollection{dastin2022amazon,
  title={Amazon scraps secret {AI} recruiting tool that showed bias against women},
  author={Dastin, Jeffrey},
  booktitle={Ethics of data and analytics},
  pages={296--299},
  year={2022},
  publisher={Auerbach Publications}
}

@book{christianalignment,
  title={The Alignment Problem: Machine Learning and Human Values},
  publisher={W.W Norton \& Company},
  address={New York},
  author={Christian, Brian},
  year={2020},
}

@article{han2024unlearning,
  title={Unlearning Information Bottleneck: Machine Unlearning of Systematic Patterns and Biases},
  author={Han, Ling and Huang, Hao and Scheinost, Dustin and Hartley, Mary-Anne and Mart{\'\i}nez, Mar{\'\i}a Rodr{\'\i}guez},
  journal={arXiv preprint arXiv:2405.14020},
  year={2024}
}

@article{shah2023unlearning,
  title={Unlearning via sparse representations},
  author={Shah, Vedant and Tr{\"a}uble, Frederik and Malik, Ashish and Larochelle, Hugo and Mozer, Michael and Arora, Sanjeev and Bengio, Yoshua and Goyal, Anirudh},
  journal={arXiv preprint arXiv:2311.15268},
  year={2023}
}

@article{juliussen2023algorithms,
  title={Algorithms that forget: Machine unlearning and the right to erasure},
  author={Juliussen, Bj{\o}rn Aslak and Rui, Jon Petter and Johansen, Dag},
  journal={Computer Law \& Security Review},
  volume={51},
  pages={105885},
  year={2023},
  publisher={Elsevier}
}

@online{GDPR2016a,
  date       = {2016-05-04},
  location   = {OJ L 119, 4.5.2016, p. 1--88},
  title      = {Regulation ({EU}) 2016/679 of the {European} {Parliament} and of the {Council}},
  url        = {https://data.europa.eu/eli/reg/2016/679/oj},
  titleaddon = {of 27 {April} 2016 on the protection of natural persons with regard to the processing of personal data and on the free movement of such data, and repealing {Directive} 95/46/{EC} ({General} {Data} {Protection} {Regulation})},
  abstract   = {The General Data Protection Regulation (2016/679, "GDPR") is a Regulation in European Union (EU) law on data protection and privacy in the EU and the European Economic Area (EEA).},
  author     = {{European Parliament} and {Council of the European Union}},
  keywords   = {access consumer data data-processing freedom gdpr information justice law personal privacy protection security verification},
  urldate    = {2023-04-13},
}

@article{sekhari2021remember,
  title={Remember what you want to forget: Algorithms for machine unlearning},
  author={Sekhari, Ayush and Acharya, Jayadev and Kamath, Gautam and Suresh, Ananda Theertha},
  journal={Advances in Neural Information Processing Systems},
  volume={34},
  pages={18075--18086},
  year={2021}
}

@inproceedings{rezende2015variational,
  title={Variational inference with normalizing flows},
  author={Rezende, Danilo and Mohamed, Shakir},
  booktitle={International conference on machine learning},
  pages={1530--1538},
  year={2015},
  organization={PMLR}
}

@article{pereyra2017regularizing,
  title={Regularizing neural networks by penalizing confident output distributions},
  author={Pereyra, Gabriel and Tucker, George and Chorowski, Jan and Kaiser, {\L}ukasz and Hinton, Geoffrey},
  journal={arXiv preprint arXiv:1701.06548},
  year={2017}
}

@article{shannon1959coding,
  title={Coding theorems for a discrete source with a fidelity criterion},
  author={Shannon, Claude E and others},
  journal={IRE Nat. Conv. Rec},
  volume={4},
  number={142-163},
  pages={1},
  year={1959}
}

@inproceedings{bourtoule2021machine,
  title={Machine unlearning},
  author={Bourtoule, Lucas and Chandrasekaran, Varun and Choquette-Choo, Christopher A and Jia, Hengrui and Travers, Adelin and Zhang, Baiwu and Lie, David and Papernot, Nicolas},
  booktitle={2021 IEEE Symposium on Security and Privacy (SP)},
  pages={141--159},
  year={2021},
  organization={IEEE}
}

@inproceedings{brophy2021machine,
  title={Machine unlearning for random forests},
  author={Brophy, Jonathan and Lowd, Daniel},
  booktitle={International Conference on Machine Learning},
  pages={1092--1104},
  year={2021},
  organization={PMLR}
}

@inproceedings{yan2022arcane,
  title={ARCANE: An Efficient Architecture for Exact Machine Unlearning.},
  author={Yan, Haonan and Li, Xiaoguang and Guo, Ziyao and Li, Hui and Li, Fenghua and Lin, Xiaodong},
  booktitle={IJCAI},
  volume={6},
  pages={19},
  year={2022}
}

@inproceedings{graves2021amnesiac,
  title={Amnesiac machine learning},
  author={Graves, Laura and Nagisetty, Vineel and Ganesh, Vijay},
  booktitle={Proceedings of the AAAI Conference on Artificial Intelligence},
  volume={35},
  number={13},
  pages={11516--11524},
  year={2021}
}

@article{sekhari2021remember,
  title={Remember what you want to forget: Algorithms for machine unlearning},
  author={Sekhari, Aditi and Kaplan, Jonathan and Acharya, Jayadev and Kamath, Gautam},
  journal={Advances in Neural Information Processing Systems},
  volume={34},
  year={2021}
}

@article{guo2020certified,
  title={Certified data removal from machine learning models},
  author={Guo, Cheng, Goldstein, Tom and Pustelnik, Noga},
  journal={arXiv preprint arXiv:1911.07252},
  year={2020}
}

@article{nguyen2020variational,
  title={Variational Bayesian unlearning},
  author={Nguyen, Hieu and Bang, Jihoon and Yang, Zhilin},
  journal={Advances in Neural Information Processing Systems},
  volume={33},
  year={2020}
}

@article{golatkar2020forgetting2,
  title={Knowledge removal in sampling-based Bayesian inference},
  author={Golatkar, Aditya and Achille, Alessandro and Soatto, Stefano},
  journal={Advances in Neural Information Processing Systems},
  volume={34},
  year={2021}
}

@article{li2021unlearning,
  title={Machine unlearning via representation forgetting with parameter self-sharing},
  author={Li, Xinyang and Feng, Lei and Liu, Junjie and Hu, Dong},
  journal={Proceedings of the 38th International Conference on Machine Learning},
  year={2021}
}

@article{warnecke2021machine,
  title={Machine unlearning of features and labels},
  author={Warnecke, Alexander and Pirch, Lukas and Wressnegger, Christian and Rieck, Konrad},
  journal={arXiv preprint arXiv:2108.11577},
  year={2021}
}

@inproceedings{schelter2021hedgecut,
  title={Hedgecut: Maintaining randomised trees for low-latency machine unlearning},
  author={Schelter, Sebastian and Grafberger, Stefan and Dunning, Ted},
  booktitle={Proceedings of the 2021 International Conference on Management of Data},
  pages={1545--1557},
  year={2021}
}

@article{ginart2019making,
  title={Making {AI} forget you: Data deletion in machine learning},
  author={Ginart, Antonio and Guan, Melody and Valiant, Gregory and Zou, James Y},
  journal={Advances in neural information processing systems},
  volume={32},
  year={2019}
}

@inproceedings{chen2022graph,
  title={Graph unlearning},
  author={Chen, Min and Zhang, Zhikun and Wang, Tianhao and Backes, Michael and Humbert, Mathias and Zhang, Yang},
  booktitle={Proceedings of the 2022 ACM SIGSAC conference on computer and communications security},
  pages={499--513},
  year={2022}
}

@inproceedings{chen2022recommendation,
  title={Recommendation unlearning},
  author={Chen, Chong and Sun, Fei and Zhang, Min and Ding, Bolin},
  booktitle={Proceedings of the ACM Web Conference 2022},
  pages={2768--2777},
  year={2022}
}

@article{suriyakumar2022algorithms,
  title={Algorithms that approximate data removal: New results and limitations},
  author={Suriyakumar, Vinith and Wilson, Ashia C},
  journal={Advances in Neural Information Processing Systems},
  volume={35},
  pages={18892--18903},
  year={2022}
}

@inproceedings{mehta2022deep,
  title={Deep unlearning via randomized conditionally independent hessians},
  author={Mehta, Ronak and Pal, Sourav and Singh, Vikas and Ravi, Sathya N},
  booktitle={Proceedings of the IEEE/CVF Conference on Computer Vision and Pattern Recognition},
  pages={10422--10431},
  year={2022}
}

@inproceedings{wu2022puma,
  title={Puma: Performance unchanged model augmentation for training data removal},
  author={Wu, Ga and Hashemi, Masoud and Srinivasa, Christopher},
  booktitle={Proceedings of the AAAI conference on artificial intelligence},
  volume={36},
  number={8},
  pages={8675--8682},
  year={2022}
}

@article{tanno2022repairing,
  title={Repairing neural networks by leaving the right past behind},
  author={Tanno, Ryutaro and F Pradier, Melanie and Nori, Aditya and Li, Yingzhen},
  journal={Advances in Neural Information Processing Systems},
  volume={35},
  pages={13132--13145},
  year={2022}
}

@inproceedings{golatkar2020eternal,
  title={Eternal sunshine of the spotless net: Selective forgetting in deep networks},
  author={Golatkar, Aditya and Achille, Alessandro and Soatto, Stefano},
  booktitle={Proceedings of the IEEE/CVF Conference on Computer Vision and Pattern Recognition},
  pages={9304--9312},
  year={2020}
}

@inproceedings{golatkar2020forgetting,
  title={Forgetting outside the box: Scrubbing deep networks of information accessible from input-output observations},
  author={Golatkar, Aditya and Achille, Alessandro and Soatto, Stefano},
  booktitle={Computer Vision--ECCV 2020: 16th European Conference, Glasgow, UK, August 23--28, 2020, Proceedings, Part XXIX 16},
  pages={383--398},
  year={2020},
  organization={Springer}
}

@article{weisberg1982residuals,
  title={Residuals and influence in regression},
  author={Weisberg, Sanford and Cook, R Dennis},
  year={1982},
  publisher={Chapman \& Hall}
}

@inproceedings{dwork2012fairness,
  title={Fairness through awareness},
  author={Dwork, Cynthia and Hardt, Moritz and Pitassi, Toniann and Reingold, Omer and Zemel, Richard},
  booktitle={Proceedings of the 3rd innovations in theoretical computer science conference},
  pages={214--226},
  year={2012}
}

@inproceedings{silvia2020general,
  title={A general approach to fairness with optimal transport},
  author={Silvia, Chiappa and Ray, Jiang and Tom, Stepleton and Aldo, Pacchiano and Heinrich, Jiang and John, Aslanides},
  booktitle={Proceedings of the AAAI Conference on Artificial Intelligence},
  volume={34},
  number={04},
  pages={3633--3640},
  year={2020}
}

@article{gouic2020projection,
  title={Projection to fairness in statistical learning},
  author={Gouic, Thibaut Le and Loubes, Jean-Michel and Rigollet, Philippe},
  journal={arXiv preprint arXiv:2005.11720},
  year={2020}
}

@article{chzhen2020fair,
  title={Fair regression with {W}asserstein barycenters},
  author={Chzhen, Evgenii and Denis, Christophe and Hebiri, Mohamed and Oneto, Luca and Pontil, Massimiliano},
  journal={Advances in Neural Information Processing Systems},
  volume={33},
  pages={7321--7331},
  year={2020}
}

@article{xu2023fair,
  title={Fair data representation for machine learning at the {P}areto frontier},
  author={Xu, Shizhou and Strohmer, Thomas},
  journal={Journal of Machine Learning Research},
  volume={24},
  number={331},
  pages={1--63},
  year={2023}
}

@book{CT05,  
   author    = {T. M. Cover and J. A. Thomas},
   title     = {Elements of Information Theory},
   year      = {2005},
   publisher = {John Wiley \& Sons},
   address   = {New York},
}

@article{xu2024machine,
  title={Machine unlearning: Solutions and challenges},
  author={Xu, Jie and Wu, Zihan and Wang, Cong and Jia, Xiaohua},
  journal={IEEE Transactions on Emerging Topics in Computational Intelligence},
  year={2024},
  publisher={IEEE}
}

@article{nguyen2022survey,
  title={A survey of machine unlearning},
  author={Nguyen, Thanh Tam and Huynh, Thanh Trung and Ren, Zhao and Nguyen, Phi Le and Liew, Alan Wee-Chung and Yin, Hongzhi and Nguyen, Quoc Viet Hung},
  journal={arXiv preprint arXiv:2209.02299},
  year={2022}
}

@article{wang2024machine,
  title={Machine unlearning: A comprehensive survey},
  author={Wang, Weiqi and Tian, Zhiyi and Zhang, Chenhan and Yu, Shui},
  journal={arXiv preprint arXiv:2405.07406},
  year={2024}
}

@article{korotin2022neural,
  title={Neural optimal transport},
  author={Korotin, Alexander and Selikhanovych, Daniil and Burnaev, Evgeny},
  journal={arXiv preprint arXiv:2201.12220},
  year={2022}
}

@article{lecun2010mnist,
  title={{MNIST} handwritten digit database},
  author={LeCun, Yann and Cortes, Corinna and Burges, CJ},
  journal={ATT Labs [Online]},
  volume={2},
  year={2010},
  url={http://yann.lecun.com/exdb/mnist}
}

@inproceedings{liu2015faceattributes,
  title={Deep Learning Face Attributes in the Wild},
  author={Liu, Ziwei and Luo, Ping and Wang, Xiaogang and Tang, Xiaoou},
  booktitle={Proceedings of International Conference on Computer Vision (ICCV)},
  month={December},
  year={2015},
  url={https://mmlab.ie.cuhk.edu.hk/projects/CelebA.html}
}

@inproceedings{zemel2013learning,
  title={Learning fair representations},
  author={Zemel, Rich and Wu, Yu and Swersky, Kevin and Pitassi, Toni and Dwork, Cynthia},
  booktitle={International conference on machine learning},
  pages={325--333},
  year={2013},
  organization={PMLR}
}

@article{mccann1997convexity,
  title={A convexity principle for interacting gases},
  author={McCann, Robert J},
  journal={Advances in mathematics},
  volume={128},
  number={1},
  pages={153--179},
  year={1997},
  publisher={Elsevier}
}
