@inproceedings{b10,
	title        = {A Review on Detecting Phishing URLs using Clustering Algorithms},
	author       = {Mondal, Shaheen and Maheshwari, Diksha and Pai, Nilima and Biwalkar, Ameyaa},
	year         = 2019,
	booktitle    = {2019 International Conference on Advances in Computing, Communication and Control (ICAC3)},
	volume       = {},
	number       = {},
	pages        = {1--6},
	doi          = {10.1109/ICAC347590.2019.9036837},
	keywords     = {Phishing;Clustering algorithms;Uniform resource locators;Classification algorithms;Machine learning algorithms;Blacklisting;Electronic mail;security;identity theft;phishing;clustering;URL;authentication;blacklist;heuristics;feature ranking;machine learning},
}

@article{b11,
	title        = {An Effective Phishing Detection Model Based on Character Level Convolutional Neural Network from URL},
	author       = {Aljofey, Ali and Jiang, Qingshan and Qu, Qiang and Huang, Mingqing and Niyigena, Jean-Pierre},
	year         = 2020,
	journal      = {Electronics},
	volume       = 9,
	number       = 9,
	doi          = {10.3390/electronics9091514},
	issn         = {2079-9292},
	url          = {https://www.mdpi.com/2079-9292/9/9/1514},
	article-number = 1514,
}

@article{b12,
	title        = {{SOK:} {A} Comprehensive Reexamination of Phishing Research from the Security Perspective},
	author       = {Avisha Das and Shahryar Baki and Ayman El Aassal and Rakesh M. Verma and Arthur Dunbar},
	year         = 2019,
	journal      = {CoRR},
	volume       = {abs/1911.00953},
	url          = {http://arxiv.org/abs/1911.00953},
	eprinttype   = {arXiv},
	eprint       = {1911.00953},
	timestamp    = {Mon, 11 Nov 2019 18:38:09 +0100},
	biburl       = {https://dblp.org/rec/journals/corr/abs-1911-00953.bib},
	bibsource    = {dblp computer science bibliography, https://dblp.org},
}

@article{b13,
	title        = {Deep learning and big data technologies for IoT security},
	author       = {Mohamed Ahzam Amanullah and Riyaz Ahamed Ariyaluran Habeeb and Fariza Hanum Nasaruddin and Abdullah Gani and Ejaz Ahmed and Abdul Salam Mohamed Nainar and Nazihah Md Akim and Muhammad Imran},
	year         = 2020,
	journal      = {Computer Communications},
	volume       = 151,
	pages        = {495--517},
	doi          = {https://doi.org/10.1016/j.comcom.2020.01.016},
	issn         = {0140-3664},
	url          = {https://www.sciencedirect.com/science/article/pii/S0140366419315361},
	keywords     = {Deep learning, Big data, IoT security},
}

@article{b22,
title = {Hashing-based clustering in high dimensional data},
journal = {Expert Systems with Applications},
volume = {62},
pages = {202-211},
year = {2016},
issn = {0957-4174},
doi = {https://doi.org/10.1016/j.eswa.2016.06.008},
url = {https://www.sciencedirect.com/science/article/pii/S0957417416302895},
author = {Juan Zamora and Marcelo Mendoza and Héctor Allende},
keywords = {Locality sensitive hashing, High dimensional clustering, Min-wise hashing, Random hyperplanes},
}

@inproceedings{b7,
	title        = {Survey and Analysis on AI Based Phishing Detection Techniques},
	author       = {Valiyaveedu, Nithin and Jamal, Sangeetha and Reju, Roshan and Murali, Vysakh and M, Nithin K},
	year         = 2021,
	booktitle    = {2021 International Conference on Communication, Control and Information Sciences (ICCISc)},
	volume       = 1,
	number       = {},
	pages        = {1--6},
	doi          = {10.1109/ICCISc52257.2021.9484929},
	keywords     = {Uniform resource locators;COVID-19;Visualization;Analytical models;Social networking (online);Pandemics;Phishing;Deep learning;phishing detection;ensemble model;classification;cyber security},
}

@inproceedings{b8,
	title        = {Classifying phishing URLs using recurrent neural networks},
	author       = {Bahnsen, Alejandro Correa and Bohorquez, Eduardo Contreras and Villegas, Sergio and Vargas, Javier and González, Fabio A.},
	year         = 2017,
	booktitle    = {2017 APWG Symposium on Electronic Crime Research (eCrime)},
	volume       = {},
	number       = {},
	pages        = {1--8},
	doi          = {10.1109/ECRIME.2017.7945048},
	keywords     = {Uniform resource locators;Feature extraction;Recurrent neural networks;Radio frequency;Biological system modeling;Predictive models;Manuals;Phishing detection;Cybercrime;Feature engineering;Recurrent neural networks;Long short term memory networks},
}

@misc{b9,
	title        = {URLNet: Learning a URL Representation with Deep Learning for Malicious URL Detection},
	author       = {Hung Le and Quang Pham and Doyen Sahoo and Steven C. H. Hoi},
	year         = 2018,
	url          = {https://arxiv.org/abs/1802.03162},
	eprint       = {1802.03162},
	archiveprefix = {arXiv},
	primaryclass = {cs.CR},
}

