@misc{b1,
	title        = {Phishing Statistics By Types, Country and Age Group},
	author       = {{Barry Elad}},
	year         = 2023,
	howpublished = {\url{https://www.enterpriseappstoday.com/stats/phishing-statistics.html}},
}
@inproceedings{b2,
	title        = {Business E-mail Compromise - Techniques and Countermeasures},
	author       = {T N, Nisha and Bakari, Digant and Shukla, Charmi},
	year         = 2021,
	booktitle    = {2021 International Conference on Advance Computing and Innovative Technologies in Engineering (ICACITE)},
	volume       = {},
	number       = {},
	pages        = {217--222},
	doi          = {10.1109/ICACITE51222.2021.9404587},
	keywords     = {Training;Phishing;Text categorization;Authentication;Organizations;Market research;Electronic mail;Business Email Compromise (BEC);Phishing;Financial Frauds;Security Fraud;CEO Fraud},
}
@article{b3,
	title        = {Social Media-Related Cybercrimes and Techniques for Their Prevention},
	author       = {Tariq Rahim Soomro and Mumtaz Hussain},
	year         = 2019,
	journal      = {Applied Computer Systems},
	volume       = 24,
	number       = 1,
	pages        = {9--17},
	doi          = {doi:10.2478/acss-2019-0002},
	url          = {https://doi.org/10.2478/acss-2019-0002},
}
@misc{b4,
	title        = {Phishing - It's No Longer About Malware (or Even Email)},
	author       = {{Lance Spitzner}},
	year         = 2023,
	howpublished = {\url{https://www.sans.org/blog/phishing-its-no-longer-about-malware-or-even-email}},
}
@misc{b5,
	title        = {From Chatbots to PhishBots? -- Preventing Phishing scams created using ChatGPT, Google Bard and Claude},
	author       = {Sayak Saha Roy and Poojitha Thota and Krishna Vamsi Naragam and Shirin Nilizadeh},
	year         = 2024,
	url          = {https://arxiv.org/abs/2310.19181},
	eprint       = {2310.19181},
	archiveprefix = {arXiv},
	primaryclass = {cs.CR},
}
@misc{b6,
	title        = {New report reveals that nearly three-quarters (71\%) of AI detectors can’t tell if a phishing email has been written by a chatbot},
	author       = {{Egress}},
	year         = 2023,
	howpublished = {\url{https://www.egress.com/newsroom/new-report-reveals-that-nearly-three-quarters-of-ai-detectors-can-t-tell-if-a-phishing-email-has-been-written-by-a-chatbot}},
}
@inproceedings{b7,
	title        = {Survey and Analysis on AI Based Phishing Detection Techniques},
	author       = {Valiyaveedu, Nithin and Jamal, Sangeetha and Reju, Roshan and Murali, Vysakh and M, Nithin K},
	year         = 2021,
	booktitle    = {2021 International Conference on Communication, Control and Information Sciences (ICCISc)},
	volume       = 1,
	number       = {},
	pages        = {1--6},
	doi          = {10.1109/ICCISc52257.2021.9484929},
	keywords     = {Uniform resource locators;COVID-19;Visualization;Analytical models;Social networking (online);Pandemics;Phishing;Deep learning;phishing detection;ensemble model;classification;cyber security},
}
@inproceedings{b8,
	title        = {Classifying phishing URLs using recurrent neural networks},
	author       = {Bahnsen, Alejandro Correa and Bohorquez, Eduardo Contreras and Villegas, Sergio and Vargas, Javier and González, Fabio A.},
	year         = 2017,
	booktitle    = {2017 APWG Symposium on Electronic Crime Research (eCrime)},
	volume       = {},
	number       = {},
	pages        = {1--8},
	doi          = {10.1109/ECRIME.2017.7945048},
	keywords     = {Uniform resource locators;Feature extraction;Recurrent neural networks;Radio frequency;Biological system modeling;Predictive models;Manuals;Phishing detection;Cybercrime;Feature engineering;Recurrent neural networks;Long short term memory networks},
}
@misc{b9,
	title        = {URLNet: Learning a URL Representation with Deep Learning for Malicious URL Detection},
	author       = {Hung Le and Quang Pham and Doyen Sahoo and Steven C. H. Hoi},
	year         = 2018,
	url          = {https://arxiv.org/abs/1802.03162},
	eprint       = {1802.03162},
	archiveprefix = {arXiv},
	primaryclass = {cs.CR},
}
@inproceedings{b10,
	title        = {A Review on Detecting Phishing URLs using Clustering Algorithms},
	author       = {Mondal, Shaheen and Maheshwari, Diksha and Pai, Nilima and Biwalkar, Ameyaa},
	year         = 2019,
	booktitle    = {2019 International Conference on Advances in Computing, Communication and Control (ICAC3)},
	volume       = {},
	number       = {},
	pages        = {1--6},
	doi          = {10.1109/ICAC347590.2019.9036837},
	keywords     = {Phishing;Clustering algorithms;Uniform resource locators;Classification algorithms;Machine learning algorithms;Blacklisting;Electronic mail;security;identity theft;phishing;clustering;URL;authentication;blacklist;heuristics;feature ranking;machine learning},
}
@article{b11,
	title        = {An Effective Phishing Detection Model Based on Character Level Convolutional Neural Network from URL},
	author       = {Aljofey, Ali and Jiang, Qingshan and Qu, Qiang and Huang, Mingqing and Niyigena, Jean-Pierre},
	year         = 2020,
	journal      = {Electronics},
	volume       = 9,
	number       = 9,
	doi          = {10.3390/electronics9091514},
	issn         = {2079-9292},
	url          = {https://www.mdpi.com/2079-9292/9/9/1514},
	article-number = 1514,
}
@article{b12,
	title        = {{SOK:} {A} Comprehensive Reexamination of Phishing Research from the Security Perspective},
	author       = {Avisha Das and Shahryar Baki and Ayman El Aassal and Rakesh M. Verma and Arthur Dunbar},
	year         = 2019,
	journal      = {CoRR},
	volume       = {abs/1911.00953},
	url          = {http://arxiv.org/abs/1911.00953},
	eprinttype   = {arXiv},
	eprint       = {1911.00953},
	timestamp    = {Mon, 11 Nov 2019 18:38:09 +0100},
	biburl       = {https://dblp.org/rec/journals/corr/abs-1911-00953.bib},
	bibsource    = {dblp computer science bibliography, https://dblp.org},
}
@article{b13,
	title        = {Deep learning and big data technologies for IoT security},
	author       = {Mohamed Ahzam Amanullah and Riyaz Ahamed Ariyaluran Habeeb and Fariza Hanum Nasaruddin and Abdullah Gani and Ejaz Ahmed and Abdul Salam Mohamed Nainar and Nazihah Md Akim and Muhammad Imran},
	year         = 2020,
	journal      = {Computer Communications},
	volume       = 151,
	pages        = {495--517},
	doi          = {https://doi.org/10.1016/j.comcom.2020.01.016},
	issn         = {0140-3664},
	url          = {https://www.sciencedirect.com/science/article/pii/S0140366419315361},
	keywords     = {Deep learning, Big data, IoT security},
}
@article{b14,
	title        = {Least squares quantization in PCM},
	author       = {Lloyd, S.},
	year         = 1982,
	journal      = {IEEE Transactions on Information Theory},
	volume       = 28,
	number       = 2,
	pages        = {129--137},
	doi          = {10.1109/TIT.1982.1056489},
	keywords     = {},
}
@inproceedings{b15,
	title        = {A density-based algorithm for discovering clusters in large spatial databases with noise},
	author       = {Ester, Martin and Kriegel, Hans-Peter and Sander, J\"{o}rg and Xu, Xiaowei},
	year         = 1996,
	booktitle    = {Proceedings of the Second International Conference on Knowledge Discovery and Data Mining},
	location     = {Portland, Oregon},
	publisher    = {AAAI Press},
	series       = {KDD'96},
	pages        = {226–231},
	numpages     = 6,
	keywords     = {handling nlj4-275oise, efficiency on large spatial databases, clustering algorithms, arbitrary shape of clusters},
}
@inproceedings{b16,
	title        = {Approximate nearest neighbors: towards removing the curse of dimensionality},
	author       = {Indyk, Piotr and Motwani, Rajeev},
	year         = 1998,
	booktitle    = {Proceedings of the Thirtieth Annual ACM Symposium on Theory of Computing},
	location     = {Dallas, Texas, USA},
	publisher    = {Association for Computing Machinery},
	address      = {New York, NY, USA},
	series       = {STOC '98},
	pages        = {604–613},
	doi          = {10.1145/276698.276876},
	isbn         = {0897919629},
	url          = {https://doi.org/10.1145/276698.276876},
	numpages     = 10,
}
@article{b17,
	title        = {A Survey on Locality Sensitive Hashing Algorithms and their Applications},
	author       = {Omid Jafari and Preeti Maurya and Parth Nagarkar and Khandker Mushfiqul Islam and Chidambaram Crushev},
	year         = 2021,
	journal      = {CoRR},
	volume       = {abs/2102.08942},
	url          = {https://arxiv.org/abs/2102.08942},
	eprinttype   = {arXiv},
	eprint       = {2102.08942},
	timestamp    = {Fri, 19 Feb 2021 11:02:14 +0100},
	biburl       = {https://dblp.org/rec/journals/corr/abs-2102-08942.bib},
	bibsource    = {dblp computer science bibliography, https://dblp.org},
}
@article{b18,
	title        = {Binary codes capable of correcting deletions, insertions, and reversals},
	author       = {Vladimir I. Levenshtein},
	year         = 1965,
	journal      = {Soviet physics. Doklady},
	volume       = 10,
	pages        = {707--710},
	url          = {https://api.semanticscholar.org/CorpusID:60827152},
}
@article{b19,
	title        = {Measures of the Amount of Ecologic Association Between Species},
	author       = {Lee R. Dice},
	year         = 1945,
	journal      = {Ecology},
	publisher    = {[Wiley, Ecological Society of America]},
	volume       = 26,
	number       = 3,
	pages        = {297--302},
	issn         = {00129658, 19399170},
	url          = {http://www.jstor.org/stable/1932409},
	urldate      = {2024-08-06},
}
@article{b20,
	title        = {PhishStorm: Detecting Phishing With Streaming Analytics},
	author       = {Marchal, Samuel and Francois, Jerome and State, Radu and Engel, Thomas},
	year         = 2014,
	month        = 12,
	journal      = {IEEE Transactions on Network and Service Management},
	volume       = 11,
	pages        = {458--471},
	doi          = {10.1109/TNSM.2014.2377295},
}
@article{b21,
	title        = {Language Models are Few-Shot Learners},
	author       = {Tom B. Brown and Benjamin Mann and Nick Ryder and Melanie Subbiah and Jared Kaplan and Prafulla Dhariwal and Arvind Neelakantan and Pranav Shyam and Girish Sastry and Amanda Askell and Sandhini Agarwal and Ariel Herbert{-}Voss and Gretchen Krueger and Tom Henighan and Rewon Child and Aditya Ramesh and Daniel M. Ziegler and Jeffrey Wu and Clemens Winter and Christopher Hesse and Mark Chen and Eric Sigler and Mateusz Litwin and Scott Gray and Benjamin Chess and Jack Clark and Christopher Berner and Sam McCandlish and Alec Radford and Ilya Sutskever and Dario Amodei},
	year         = 2020,
	journal      = {CoRR},
	volume       = {abs/2005.14165},
	url          = {https://arxiv.org/abs/2005.14165},
	eprinttype   = {arXiv},
	eprint       = {2005.14165},
	timestamp    = {Thu, 25 May 2023 10:38:31 +0200},
	biburl       = {https://dblp.org/rec/journals/corr/abs-2005-14165.bib},
	bibsource    = {dblp computer science bibliography, https://dblp.org},
}
@article{b22,
title = {Hashing-based clustering in high dimensional data},
journal = {Expert Systems with Applications},
volume = {62},
pages = {202-211},
year = {2016},
issn = {0957-4174},
doi = {https://doi.org/10.1016/j.eswa.2016.06.008},
url = {https://www.sciencedirect.com/science/article/pii/S0957417416302895},
author = {Juan Zamora and Marcelo Mendoza and Héctor Allende},
keywords = {Locality sensitive hashing, High dimensional clustering, Min-wise hashing, Random hyperplanes},
}
@Inbook{b23,
author="Han, Xin Jin, Jiawei",
editor="Sammut, Claude
and Webb, Geoffrey I.",
title="Locality Sensitive Hashing Based Clustering",
bookTitle="Encyclopedia of Machine Learning",
year="2010",
publisher="Springer US",
address="Boston, MA",
pages="613--613",
isbn="978-0-387-30164-8",
doi="10.1007/978-0-387-30164-8_486",
url="https://doi.org/10.1007/978-0-387-30164-8_486"
}