@inproceedings{DBLP:conf/apweb/LiuZXSSHDK23,
	author       = {Zhi Liu and
	Hanlin Zhou and
	Feng Xia and
	Guojiang Shen and
	Vidya Saikrishna and
	Xiaohua He and
	Jiaxin Du and
	Xiangjie Kong},
	editor       = {Xiangyu Song and
	Ruyi Feng and
	Yunliang Chen and
	Jianxin Li and
	Geyong Min},
	title        = {Subgraph Federated Learning with Global Graph Reconstruction},
	booktitle    = {Web and Big Data - 7th International Joint Conference, APWeb-WAIM
	2023, Wuhan, China, October 6-8, 2023, Proceedings, Part {I}},
	volume       = {14331},
	pages        = {158--173},
	year         = {2023},
	doi          = {10.1007/978-981-97-2303-4\_11},
}

@inproceedings{DBLP:conf/cikm/MengL23,
	author       = {En Meng and
	Yong Liu},
	title        = {Graph Contrastive Learning with Graph Info-Min},
	booktitle    = {Proceedings of the 32nd {ACM} International Conference on Information
	and Knowledge Management, {CIKM} 2023, Birmingham, United Kingdom,
	October 21-25, 2023},
	pages        = {4195--4199},
	year         = {2023},
	doi          = {10.1145/3583780.3615162},
}

@inproceedings{DBLP:conf/complexnetworks/EnnadirANVB23,
	author       = {Sofiane Ennadir and
	Amr Alkhatib and
	Giannis Nikolentzos and
	Michalis Vazirgiannis and
	Henrik Bostr{\"{o}}m},
	title        = {UnboundAttack: Generating Unbounded Adversarial Attacks to Graph Neural
	Networks},
	booktitle    = {Complex Networks {\&} Their Applications {XII} - Proceedings of
	The Twelfth International Conference on Complex Networks and their
	Applications: {COMPLEX} {NETWORKS} 2023, Menton, France, 28-30 November,
	2023, Volume 1},
	volume       = {1141},
	pages        = {100--111},
	publisher    = {Springer},
	year         = {2023},
	doi          = {10.1007/978-3-031-53468-3\_9},
}

@inproceedings{DBLP:conf/eais/AburidiM24,
	author       = {Mohammed Aburidi and
	Roummel F. Marcia},
	title        = {Topological Adversarial Attacks on Graph Neural Networks Via Projected
	Meta Learning},
	booktitle    = {{IEEE} International Conference on Evolving and Adaptive Intelligent
	Systems, {EAIS} 2024, Madrid, Spain, May 23-24, 2024},
	pages        = {1--8},
	year         = {2024},
	doi          = {10.1109/EAIS58494.2024.10569101},
}

@inproceedings{DBLP:conf/europar/ZhangLWYYYF24,
	author       = {Yuxiang Zhang and
	Xin Liu and
	Meng Wu and
	Wei Yan and
	Mingyu Yan and
	Xiaochun Ye and
	Dongrui Fan},
	title        = {Disttack: Graph Adversarial Attacks Toward Distributed {GNN} Training},
	booktitle    = {Euro-Par 2024: Parallel Processing - 30th European Conference on Parallel
	and Distributed Processing, Madrid, Spain, August 26-30, 2024, Proceedings,
	Part {II}},
	volume       = {14802},
	pages        = {302--316},
	year         = {2024},
	doi          = {10.1007/978-3-031-69766-1\_21},

}

@inproceedings{DBLP:conf/ijcai/0001ZZWLWWLWZ22,
	author       = {Chaochao Chen and
	Jun Zhou and
	Longfei Zheng and
	Huiwen Wu and
	Lingjuan Lyu and
	Jia Wu and
	Bingzhe Wu and
	Ziqi Liu and
	Li Wang and
	Xiaolin Zheng},
	title        = {Vertically Federated Graph Neural Network for Privacy-Preserving Node
	Classification},
	booktitle    = {Proceedings of the Thirty-First International Joint Conference on
	Artificial Intelligence, {IJCAI} 2022, Vienna, Austria, 23-29 July
	2022},
	pages        = {1959--1965},
	publisher    = {ijcai.org},
	year         = {2022},
	doi          = {10.24963/IJCAI.2022/272},
}

@article{DBLP:journals/corr/abs-2106-11593,
	author       = {Xiang Ni and
	Xiaolong Xu and
	Lingjuan Lyu and
	Changhua Meng and
	Weiqiang Wang},
	title        = {A Vertical Federated Learning Framework for Graph Convolutional Network},
	journal      = {CoRR},
	volume       = {abs/2106.11593},
	year         = {2021},
	eprinttype    = {arXiv},
	eprint       = {2106.11593},
}

@article{DBLP:journals/corr/abs-2308-07834,
	author       = {Guanghui Zhu and
	Mengyu Chen and
	Chunfeng Yuan and
	Yihua Huang},
	title        = {Simple and Efficient Partial Graph Adversarial Attack: {A} New Perspective},
	journal      = {CoRR},
	volume       = {abs/2308.07834},
	year         = {2023},
	doi          = {10.48550/ARXIV.2308.07834},
	eprinttype    = {arXiv},
	eprint       = {2308.07834},
}

@article{DBLP:journals/corr/abs-2401-02663,
	author       = {Jiazhu Dai and
	Haoyu Sun},
	title        = {A backdoor attack against link prediction tasks with graph neural
	networks},
	journal      = {CoRR},
	volume       = {abs/2401.02663},
	year         = {2024},
	doi          = {10.48550/ARXIV.2401.02663},
	eprinttype    = {arXiv},
	eprint       = {2401.02663},

}

@article{DBLP:journals/ijon/YuJ24,
	author       = {Jiajun Yu and
	Adele Lu Jia},
	title        = {{AGCL:} Adaptive Graph Contrastive Learning for graph representation
	learning},
	journal      = {Neurocomputing},
	volume       = {566},
	pages        = {127019},
	year         = {2024},
	doi          = {10.1016/J.NEUCOM.2023.127019},
}

@article{DBLP:journals/jksucis/LiMYXCZ24,
	author       = {Mingyuan Li and
	Lei Meng and
	Zhonglin Ye and
	Yuzhi Xiao and
	Shujuan Cao and
	Haixing Zhao},
	title        = {Line graph contrastive learning for node classification},
	journal      = {Journal of King Saud University-Computer and Information Sciences},
	volume       = {36},
	number       = {4},
	pages        = {102011},
	year         = {2024},
	doi          = {10.1016/J.JKSUCI.2024.102011},
}

@article{DBLP:journals/kbs/CaoCY24,
	author       = {Feilong Cao and
	Qiyang Chen and
	Hailiang Ye},
	title        = {An effective targeted label adversarial attack on graph neural networks
	by strategically allocating the attack budget},
	journal      = {KNOWLEDGE-BASED SYSTEMS},
	volume       = {293},
	pages        = {111689},
	year         = {2024},
	doi          = {10.1016/J.KNOSYS.2024.111689},
}

@article{DBLP:journals/kbs/DuLLDH24,
	author       = {Haizhou Du and
	Conghao Liu and
	Haotian Liu and
	Xiaoyu Ding and
	Huan Huo},
	title        = {An efficient federated learning framework for graph learning in hyperbolic
	space},
	journal      = {Knowledge-based Systems},
	volume       = {289},
	pages        = {111438},
	year         = {2024},
	doi          = {10.1016/J.KNOSYS.2024.111438},
}

@article{DBLP:journals/nn/JiangB24,
	author       = {Wenhao Jiang and
	Yuebin Bai},
	title        = {Probability graph complementation contrastive learning},
	journal      = {Neural Networks},
	volume       = {179},
	pages        = {106522},
	year         = {2024},
	doi          = {10.1016/J.NEUNET.2024.106522},
}

@article{DBLP:journals/nn/LiangDZM0G23,
	author       = {Huidong Liang and
	Xingjian Du and
	Bilei Zhu and
	Zejun Ma and
	Ke Chen and
	Junbin Gao},
	title        = {Graph contrastive learning with implicit augmentations},
	journal      = {Neural Networks},
	volume       = {163},
	pages        = {156--164},
	year         = {2023},
	doi          = {10.1016/J.NEUNET.2023.04.001},
}

@article{DBLP:journals/pr/ZhangSMZ23,
	author       = {Zehua Zhang and
	Shilin Sun and
	Guixiang Ma and
	Caiming Zhong},
	title        = {Line graph contrastive learning for link prediction},
	journal      = {Pattern Recognit.},
	volume       = {140},
	pages        = {109537},
	year         = {2023},
	doi          = {10.1016/J.PATCOG.2023.109537},
}

@article{DBLP:journals/pvldb/LiWZZLW23,
	author       = {Xunkai Li and
	Zhengyu Wu and
	Wentao Zhang and
	Yinlin Zhu and
	Ronghua Li and
	Guoren Wang},
	title        = {FedGTA: Topology-aware Averaging for Federated Graph Learning},
	journal      = {Proceedings of the VLDB Endowment},
	volume       = {17},
	number       = {1},
	pages        = {41--50},
	year         = {2023},
}

@article{DBLP:journals/tbd/HuangLLJWH23,
	author       = {Wei Huang and
	Jia Liu and
	Tianrui Li and
	Shenggong Ji and
	Dexian Wang and
	Tianqiang Huang},
	title        = {FedCKE: Cross-Domain Knowledge Graph Embedding in Federated Learning},
	journal      = {IEEE Transactions on Big Data},
	volume       = {9},
	number       = {3},
	pages        = {792--804},
	year         = {2023},
	doi          = {10.1109/TBDATA.2022.3205705},
}

@article{DBLP:journals/tbd/XueZJT24,
	author       = {Meiting Xue and
	Zian Zhou and
	Pengfei Jiao and
	Huijun Tang},
	title        = {Fine-Tuned Personality Federated Learning for Graph Data},
	journal      = {IEEE Transactions on Big Data},
	volume       = {10},
	number       = {3},
	pages        = {313--319},
	year         = {2024},
	doi          = {10.1109/TBDATA.2024.3356388},
}

@article{DBLP:journals/tii/LiBXJC23,
	author       = {Zheng Li and
	Muhammad Bilal and
	Xiaolong Xu and
	Jielin Jiang and
	Yan Cui},
	title        = {Federated Learning-Based Cross-Enterprise Recommendation With Graph
	Neural Networks},
	journal      = {IEEE Transactions on Industrial Informatics},
	volume       = {19},
	number       = {1},
	pages        = {673--682},
	year         = {2023},
	doi          = {10.1109/TII.2022.3203395},
}

@article{DBLP:journals/tist/LiuHZZXC22,
	author       = {Yijing Liu and
	Dongming Han and
	Jianwei Zhang and
	Haiyang Zhu and
	Mingliang Xu and
	Wei Chen},
	title        = {Federated Multi-task Graph Learning},
	journal      = {ACM Transactions on Intelligent Systems and Technology},
	volume       = {13},
	number       = {5},
	pages        = {80:1--80:27},
	year         = {2022},
	doi          = {10.1145/3527622},

}

@article{DBLP:journals/tkdd/FengJZT24,
	author       = {Shengyu Feng and
	Baoyu Jing and
	Yada Zhu and
	Hanghang Tong},
	title        = {ArieL: Adversarial Graph Contrastive Learning},
	journal      = {ACM Transactions on Knowledge Discovery from Data},
	volume       = {18},
	number       = {4},
	pages        = {82:1--82:22},
	year         = {2024},
	doi          = {10.1145/3638054},
}

@article{DBLP:journals/tkdd/ZhangMCCSZ24,
	author       = {Taolin Zhang and
	Chengyuan Mai and
	Yaomin Chang and
	Chuan Chen and
	Lin Shu and
	Zibin Zheng},
	title        = {FedEgo: Privacy-preserving Personalized Federated Graph Learning with
	Ego-graphs},
	journal      = {ACM Transactions on Knowledge Discovery from Data},
	volume       = {18},
	number       = {2},
	pages        = {40:1--40:27},
	year         = {2024},
	doi          = {10.1145/3624017},
}

@article{DBLP:journals/tkde/WangCXBZWZZ24,
	author       = {Xin Wang and
	Heng Chang and
	Beini Xie and
	Tian Bian and
	Shiji Zhou and
	Daixin Wang and
	Zhiqiang Zhang and
	Wenwu Zhu},
	title        = {Revisiting Adversarial Attacks on Graph Neural Networks for Graph
	Classification},
	journal      = {IEEE TRANSACTIONS ON KNOWLEDGE AND DATA ENGINEERING},
	volume       = {36},
	number       = {5},
	pages        = {2166--2178},
	year         = {2024},
	doi          = {10.1109/TKDE.2023.3313059},
}

@article{DBLP:journals/tkde/YangWZCYLX24,
	author       = {Haoran Yang and
	Yuhao Wang and
	Xiangyu Zhao and
	Hongxu Chen and
	Hongzhi Yin and
	Qing Li and
	Guandong Xu},
	title        = {Multi-Level Graph Knowledge Contrastive Learning},
	journal      = {IEEE TRANSACTIONS ON KNOWLEDGE AND DATA ENGINEERING},
	volume       = {36},
	number       = {12},
	pages        = {8829--8841},
	year         = {2024},
	doi          = {10.1109/TKDE.2024.3466530},
}

@article{DBLP:journals/tkde/ZhaoYYXZLLC24,
	author       = {Ziwei Zhao and
	Yu Yang and
	Zikai Yin and
	Tong Xu and
	Xi Zhu and
	Fake Lin and
	Xueying Li and
	Enhong Chen},
	title        = {Adversarial Attack and Defense on Discrete Time Dynamic Graphs},
	journal      = {IEEE TRANSACTIONS ON KNOWLEDGE AND DATA ENGINEERING},
	volume       = {36},
	number       = {12},
	pages        = {7600--7611},
	year         = {2024},
	doi          = {10.1109/TKDE.2024.3438238},
}

@article{DBLP:journals/tnn/PengCTLW24,
	author       = {Xin Peng and
	Jieren Cheng and
	Xiangyan Tang and
	Jingxin Liu and
	Jiahua Wu},
	title        = {Dual Contrastive Learning Network for Graph Clustering},
	journal      = {IEEE Transactions on Neural Networks and Learning Systems},
	volume       = {35},
	number       = {8},
	pages        = {10846--10856},
	year         = {2024},
	doi          = {10.1109/TNNLS.2023.3244397},
}

