
@article{ WOS:001235030400001,
Author = {Lv, Pengtao and Zhang, Qinghui and Wu, Meng and Deveci, Muhammet and
   Shi, Lei and Sun, Yaya and Zhong, Kaiyang and Wang, Jingping},
Title = {Intelligent extraction of medical entity relationship based on graph
   neural network and optimization strategy},
Journal = {KNOWLEDGE-BASED SYSTEMS},
Year = {2024},
Volume = {294},
Month = {JUN 21},
DOI = {10.1016/j.knosys.2024.111735},
}


@article{ WOS:001185440500001,
	Author = {Sharma, Amit and Sharma, Ashutosh and Tselykh, Alexey and Bozhenyuk,
	Alexander and Kim, Byung-Gyu},
	Title = {Image and video analysis using graph neural network for Internet of
	Medical Things and computer vision applications},
	Journal = {CAAI TRANSACTIONS ON INTELLIGENCE TECHNOLOGY},
	Year = {2024},
	Month = {2024 MAR 15},
	DOI = {10.1049/cit2.12306},
}


@article{ WOS:001263692800047,
	Author = {Li, Menglu and Wang, Zhiwei and Liu, Luotao and Liu, Xuan and Zhang, Wen},
	Title = {Subgraph-Aware Graph Kernel Neural Network for Link Prediction in
	Biological Networks},
	Journal = {IEEE JOURNAL OF BIOMEDICAL AND HEALTH INFORMATICS},
	Year = {2024},
	Volume = {28},
	Number = {7},
	Pages = {4373-4381},
	Month = {JUL},
	DOI = {10.1109/JBHI.2024.3390092},
}

@article{ WOS:001217577600001,
	Author = {Cinaglia, Pietro},
	Title = {Multilayer biological network alignment based on similarity computation
	via Graph Neural Networks},
	Journal = {JOURNAL OF COMPUTATIONAL SCIENCE},
	Year = {2024},
	Volume = {78},
	Month = {JUN},
	DOI = {10.1016/j.jocs.2024.102259},
}

@article{ WOS:001161624500003,
	Author = {Lakzaei, Batool and Chehreghani, Mostafa Haghir and Bagheri, Alireza},
	Title = {Disinformation detection using graph neural networks: a survey},
	Journal = {ARTIFICIAL INTELLIGENCE REVIEW},
	Year = {2024},
	Volume = {57},
	Number = {3},
	Month = {FEB 14},
	DOI = {10.1007/s10462-024-10702-9},
}


@article{ WOS:001175221000031,
	Author = {Dong, Zhihao and Chen, Yuanzhu and Tricco, Terrence S. and Li, Cheng and
	Hu, Ting},
	Title = {Ego-Aware Graph Neural Network},
	Journal = {IEEE TRANSACTIONS ON NETWORK SCIENCE AND ENGINEERING},
	Year = {2024},
	Volume = {11},
	Number = {2},
	Pages = {1756-1770},
	Month = {MAR-APR},
	DOI = {10.1109/TNSE.2023.3330450},
}

@article{ WOS:001252433900001,
	Author = {Li, Junwei and Wu, Le and Du, Yulu and Hong, Richang and Li, Weisheng},
	Title = {Dual Graph Neural Networks for Dynamic Users' Behavior Prediction on
	Social Networking Services},
	Journal = {IEEE TRANSACTIONS ON COMPUTATIONAL SOCIAL SYSTEMS},
	Year = {2024},
	Month = {2024 JUN 21},
	DOI = {10.1109/TCSS.2024.3409383},
}


@article{ WOS:001261438100001,
	Author = {Eliasof, Moshe and Treister, Eran},
	Title = {Global-local graph neural networks for node-classification},
	Journal = {PATTERN RECOGNITION LETTERS},
	Year = {2024},
	Volume = {184},
	Pages = {103-110},
	Month = {AUG},
	DOI = {10.1016/j.patrec.2024.06.013},
}


@article{ WOS:001196644600025,
	Author = {Wang, Xin and Chang, Heng and Xie, Beini and Bian, Tian and Zhou, Shiji
	and Wang, Daixin and Zhang, Zhiqiang and Zhu, Wenwu},
	Title = {Revisiting Adversarial Attacks on Graph Neural Networks for Graph
	Classification},
	Journal = {IEEE TRANSACTIONS ON KNOWLEDGE AND DATA ENGINEERING},
	Year = {2024},
	Volume = {36},
	Number = {5},
	Pages = {2166-2178},
	Month = {MAY},
	DOI = {10.1109/TKDE.2023.3313059},
}


@article{ WOS:001293902200001,
	Author = {Ma, Mingda and Xia, Hui and Li, Xin and Zhang, Rui and Xu, Shuo},
	Title = {Classification optimization node injection attack on graph neural
	networks},
	Journal = {KNOWLEDGE-BASED SYSTEMS},
	Year = {2024},
	Volume = {301},
	Month = {OCT 9},
	DOI = {10.1016/j.knosys.2024.112323},
}


@article{ WOS:001260907100001,
	Author = {Shen, Xiao and Choi, Kup-Sze and Zhou, Xi},
	Title = {Dual separated attention-based graph neural network},
	Journal = {NEUROCOMPUTING},
	Year = {2024},
	Volume = {599},
	Month = {SEP 28},
	DOI = {10.1016/j.neucom.2024.128106},
}

@article{ WOS:001310810700001,
	Author = {Luo, Shijie and Li, He and Huang, Jianbin and Ma, Xiaoke and Cui,
	Jiangtao and Qiao, Shaojie and Yoo, Jaesoo},
	Title = {Group link prediction in bipartite graphs with graph neural networks},
	Journal = {PATTERN RECOGNITION},
	Year = {2025},
	Volume = {158},
	Month = {FEB},
	DOI = {10.1016/j.patcog.2024.110977},
}


@article{ WOS:001263692800047,
	Author = {Li, Menglu and Wang, Zhiwei and Liu, Luotao and Liu, Xuan and Zhang, Wen},
	Title = {Subgraph-Aware Graph Kernel Neural Network for Link Prediction in
	Biological Networks},
	Journal = {IEEE JOURNAL OF BIOMEDICAL AND HEALTH INFORMATICS},
	Year = {2024},
	Volume = {28},
	Number = {7},
	Pages = {4373-4381},
	DOI = {10.1109/JBHI.2024.3390092},
}


@article{ WOS:001324833600001,
	Author = {Li, Zhifei and Huang, Wei and Gong, Xuchao and Luo, Xiangyu and Xiao,
	Kui and Deng, Honglian and Zhang, Miao and Zhang, Yan},
	Title = {Decoupled semantic graph neural network for knowledge graph embedding},
	Journal = {NEUROCOMPUTING},
	Year = {2025},
	Volume = {611},
	DOI = {10.1016/j.neucom.2024.128614},
}


@article{ WOS:001167452200006,
	Author = {Tan, Qiaoyu and Zhang, Xin and Huang, Xiao and Chen, Hao and Li, Jundong
	and Hu, Xia},
	Title = {Collaborative Graph Neural Networks for Attributed Network Embedding},
	Journal = {IEEE TRANSACTIONS ON KNOWLEDGE AND DATA ENGINEERING},
	Year = {2024},
	Volume = {36},
	Number = {3},
	Pages = {972-986},
	DOI = {10.1109/TKDE.2023.3298002},
}


@article{ WOS:001236624200001,
	Author = {Cosmo, Luca and Minello, Giorgia and Bicciato, Alessandro and Bronstein,
	Michael M. and Rodola, Emanuele and Rossi, Luca and Torsello, Andrea},
	Title = {Graph Kernel Neural Networks},
	Journal = {IEEE TRANSACTIONS ON NEURAL NETWORKS AND LEARNING SYSTEMS},
	Year = {2024},
	Month = {2024 MAY 30},
	DOI = {10.1109/TNNLS.2024.3400850}
}

@article{ WOS:001242386500001,
	Author = {Duan, Rui and Yan, Chungang and Wang, Junli and Jiang, Changjun},
	Title = {Graph ensemble neural network},
	Journal = {INFORMATION FUSION},
	Year = {2024},
	Volume = {110},
	Month = {OCT},
	DOI = {10.1016/j.inffus.2024.102461},
}


@article{ WOS:001360494400010,
	Author = {Cheema, Muhammad Asaad and Gogineni, Vinay Chakravarthi and Rossi,
	Pierluigi Salvo and Werner, Stefan},
	Title = {Networked Federated Meta-Learning Over Extending Graphs},
	Journal = {IEEE INTERNET OF THINGS JOURNAL},
	Year = {2024},
	Volume = {11},
	Number = {23},
	Pages = {37988-37999},
	Month = {DEC 1},
	DOI = {10.1109/JIOT.2024.3443467},
}


@article{ WOS:001224177900008,
	Author = {Xue, Meiting and Zhou, Zian and Jiao, Pengfei and Tang, Huijun},
	Title = {Fine-Tuned Personality Federated Learning for Graph Data},
	Journal = {IEEE TRANSACTIONS ON BIG DATA},
	Year = {2024},
	Volume = {10},
	Number = {3},
	Pages = {313-319},
	Month = {JUN},
	DOI = {10.1109/TBDATA.2024.3356388},
}

@article{ WOS:001253867000023,
	Author = {Tian, Changxin and Xie, Yuexiang and Chen, Xu and Li, Yaliang and Zhao,
	Xin},
	Title = {Privacy-preserving Cross-domain Recommendation with Federated Graph
	Learning},
	Journal = {ACM TRANSACTIONS ON INFORMATION SYSTEMS},
	Year = {2024},
	Volume = {42},
	Number = {5},
	DOI = {10.1145/3653448},
}

@article{ WOS:001294329300001,
	Author = {Tang, Yuncan and Liang, Yongquan},
	Title = {Credit card fraud detection based on federated graph learning},
	Journal = {EXPERT SYSTEMS WITH APPLICATIONS},
	Year = {2024},
	Volume = {256},
	DOI = {10.1016/j.eswa.2024.124979},
}


@article{ WOS:001252500000001,
	Author = {Kong, Xiangjie and Zhang, Wenyi and Wang, Hui and Hou, Mingliang and
	Chen, Xin and Yan, Xiaoran and Das, Sajal K.},
	Title = {Federated Graph Anomaly Detection via Contrastive Self-Supervised
	Learning},
	Journal = {IEEE TRANSACTIONS ON NEURAL NETWORKS AND LEARNING SYSTEMS},
	Year = {2024},
	DOI = {10.1109/TNNLS.2024.3414326},
}
@article{ WOS:001175221000057,
	Author = {Chen, Jinyin and Ma, Minying and Ma, Haonan and Zheng, Haibin and Zhang,
	Jian},
	Title = {An Empirical Evaluation of the Data Leakage in Federated Graph Learning},
	Journal = {IEEE TRANSACTIONS ON NETWORK SCIENCE AND ENGINEERING},
	Year = {2024},
	Volume = {11},
	Number = {2},
	Pages = {1605-1618},
	DOI = {10.1109/TNSE.2023.3326359},
}

@article{DBLP:journals/sigkdd/FuZDCL22,
	author       = {Xingbo Fu and
	Binchi Zhang and
	Yushun Dong and
	Chen Chen and
	Jundong Li},
	title        = {Federated Graph Machine Learning: {A} Survey of Concepts, Techniques,
	and Applications},
	journal      = {{SIGKDD} Explor.},
	volume       = {24},
	number       = {2},
	pages        = {32--47},
	year         = {2022},
	doi          = {10.1145/3575637.3575644}
}

@article{GFL,
	author       = {Huanding Zhang and
	Tao Shen and
	Fei Wu and
	Mingyang Yin and
	Hongxia Yang and
	Chao Wu},
	title        = {Federated Graph Learning - {A} Position Paper},
	journal      = {CoRR},
	volume       = {abs/2105.11099},
	year         = {2021},
	eprinttype    = {arXiv},
	eprint       = {2105.11099},
}
@article{DBLP:journals/corr/abs-1909-12946,
	author       = {Toyotaro Suzumura and
	Yi Zhou and
	Nathalie Barcardo and
	Guangnan Ye and
	Keith Houck and
	Ryo Kawahara and
	Ali Anwar and
	Lucia Larise Stavarache and
	Daniel Klyashtorny and
	Heiko Ludwig and
	Kumar Bhaskaran},
	title        = {Towards Federated Graph Learning for Collaborative Financial Crimes
	Detection},
	journal      = {CoRR},
	volume       = {abs/1909.12946},
	year         = {2019},
	eprinttype    = {arXiv},
	eprint       = {1909.12946},
}
@inproceedings{DBLP:conf/jist/ChenZYJC21,
	author       = {Mingyang Chen and
	Wen Zhang and
	Zonggang Yuan and
	Yantao Jia and
	Huajun Chen},
	title        = {FedE: Embedding Knowledge Graphs in Federated Setting},
	booktitle    = {IJCKG'21: The 10th International Joint Conference on Knowledge Graphs,
	Virtual Event, Thailand, December 6 - 8, 2021},
	pages        = {80--88},
	publisher    = {{ACM}},
	year         = {2021},
	doi          = {10.1145/3502223.3502233},
}
@article{DBLP:journals/tist/YangLCT19,
	author       = {Qiang Yang and
	Yang Liu and
	Tianjian Chen and
	Yongxin Tong},
	title        = {Federated Machine Learning: Concept and Applications},
	journal      = {{ACM} Trans. Intell. Syst. Technol.},
	volume       = {10},
	number       = {2},
	pages        = {12:1--12:19},
	year         = {2019},
	doi          = {10.1145/3298981},
}
@article{2022FedGCN,
	title={FedGCN: Federated Learning-Based Graph Convolutional Networks for Non-Euclidean Spatial Data},
	author={ Hu, Kai  and  Wu, Jiasheng  and  Li, Yaogen  and  Lu, Meixia  and  Weng, Liguo  and  Xia, Min },
	journal={Mathematics},
	volume={10},
	year={2022},
}
@article{ GraphFraudster,
	Author = {Chen, Jinyin and Huang, Guohan and Zheng, Haibin and Yu, Shanqing and
	Jiang, Wenrong and Cui, Chen},
	Title = {Graph-Fraudster: Adversarial Attacks on Graph Neural Network-Based
	Vertical Federated Learning},
	Journal = {IEEE TRANSACTIONS ON COMPUTATIONAL SOCIAL SYSTEMS},
	Year = {2023},
	Volume = {10},
	Number = {2},
	Pages = {492-506},
	DOI = {10.1109/TCSS.2022.3161016},
}

@article{ WOS:001196644600025,
	Author = {Wang, Xin and Chang, Heng and Xie, Beini and Bian, Tian and Zhou, Shiji
	and Wang, Daixin and Zhang, Zhiqiang and Zhu, Wenwu},
	Title = {Revisiting Adversarial Attacks on Graph Neural Networks for Graph
	Classification},
	Journal = {IEEE TRANSACTIONS ON KNOWLEDGE AND DATA ENGINEERING},
	Year = {2024},
	Volume = {36},
	Number = {5},
	Pages = {2166-2178},
	DOI = {10.1109/TKDE.2023.3313059},
}

@inproceedings{ WOS:001261404700004,
	Author = {Aburidi, Mohammed and Marcia, Roummel},
	Editor = {Martinez, JAI and Baruah, RD and Kangin, D and Souza, PVD},
	Title = {TOPOLOGICAL ADVERSARIAL ATTACKS ON GRAPH NEURAL NETWORKS VIA PROJECTED
	META LEARNING},
	Booktitle = {IEEE CONFERENCE ON EVOLVING AND ADAPTIVE INTELLIGENT SYSTEMS 2024, IEEE
	EAIS 2024},
	Year = {2024},
	Pages = {330-337},
	DOI = {10.1109/EAIS58494.2024.10569101},
}

@article{DBLP:journals/corr/abs-2106-11593,
	author       = {Xiang Ni and
	Xiaolong Xu and
	Lingjuan Lyu and
	Changhua Meng and
	Weiqiang Wang},
	title        = {A Vertical Federated Learning Framework for Graph Convolutional Network},
	journal      = {CoRR},
	volume       = {abs/2106.11593},
	year         = {2021},
	eprinttype    = {arXiv},
	eprint       = {2106.11593},
}
@inproceedings{DBLP:conf/ijcai/0001ZZWLWWLWZ22,
	author       = {Chaochao Chen and
	Jun Zhou and
	Longfei Zheng and
	Huiwen Wu and
	Lingjuan Lyu and
	Jia Wu and
	Bingzhe Wu and
	Ziqi Liu and
	Li Wang and
	Xiaolin Zheng},
	title        = {Vertically Federated Graph Neural Network for Privacy-Preserving Node
	Classification},
	booktitle    = {Proceedings of the Thirty-First International Joint Conference on
	Artificial Intelligence, {IJCAI} 2022, Vienna, Austria, 23-29 July
	2022},
	pages        = {1959--1965},
	publisher    = {ijcai.org},
	year         = {2022},
	doi          = {10.24963/IJCAI.2022/272},
}
@inproceedings{DBLP:conf/apweb/LiuZXSSHDK23,
	author       = {Zhi Liu and
	Hanlin Zhou and
	Feng Xia and
	Guojiang Shen and
	Vidya Saikrishna and
	Xiaohua He and
	Jiaxin Du and
	Xiangjie Kong},
	editor       = {Xiangyu Song and
	Ruyi Feng and
	Yunliang Chen and
	Jianxin Li and
	Geyong Min},
	title        = {Subgraph Federated Learning with Global Graph Reconstruction},
	booktitle    = {Web and Big Data - 7th International Joint Conference, APWeb-WAIM
	2023, Wuhan, China, October 6-8, 2023, Proceedings, Part {I}},
	volume       = {14331},
	pages        = {158--173},
	year         = {2023},
	doi          = {10.1007/978-981-97-2303-4\_11},
}
@article{DBLP:journals/tkdd/ZhangMCCSZ24,
	author       = {Taolin Zhang and
	Chengyuan Mai and
	Yaomin Chang and
	Chuan Chen and
	Lin Shu and
	Zibin Zheng},
	title        = {FedEgo: Privacy-preserving Personalized Federated Graph Learning with
	Ego-graphs},
	journal      = {ACM Transactions on Knowledge Discovery from Data},
	volume       = {18},
	number       = {2},
	pages        = {40:1--40:27},
	year         = {2024},
	doi          = {10.1145/3624017},
}
@article{DBLP:journals/tbd/XueZJT24,
	author       = {Meiting Xue and
	Zian Zhou and
	Pengfei Jiao and
	Huijun Tang},
	title        = {Fine-Tuned Personality Federated Learning for Graph Data},
	journal      = {IEEE Transactions on Big Data},
	volume       = {10},
	number       = {3},
	pages        = {313--319},
	year         = {2024},
	doi          = {10.1109/TBDATA.2024.3356388},
}
@article{DBLP:journals/kbs/DuLLDH24,
	author       = {Haizhou Du and
	Conghao Liu and
	Haotian Liu and
	Xiaoyu Ding and
	Huan Huo},
	title        = {An efficient federated learning framework for graph learning in hyperbolic
	space},
	journal      = {Knowledge-based Systems},
	volume       = {289},
	pages        = {111438},
	year         = {2024},
	doi          = {10.1016/J.KNOSYS.2024.111438},
}
@article{DBLP:journals/pvldb/LiWZZLW23,
	author       = {Xunkai Li and
	Zhengyu Wu and
	Wentao Zhang and
	Yinlin Zhu and
	Ronghua Li and
	Guoren Wang},
	title        = {FedGTA: Topology-aware Averaging for Federated Graph Learning},
	journal      = {Proceedings of the VLDB Endowment},
	volume       = {17},
	number       = {1},
	pages        = {41--50},
	year         = {2023},
}
@article{DBLP:journals/tbd/HuangLLJWH23,
	author       = {Wei Huang and
	Jia Liu and
	Tianrui Li and
	Shenggong Ji and
	Dexian Wang and
	Tianqiang Huang},
	title        = {FedCKE: Cross-Domain Knowledge Graph Embedding in Federated Learning},
	journal      = {IEEE Transactions on Big Data},
	volume       = {9},
	number       = {3},
	pages        = {792--804},
	year         = {2023},
	doi          = {10.1109/TBDATA.2022.3205705},
}
@article{DBLP:journals/tii/LiBXJC23,
	author       = {Zheng Li and
	Muhammad Bilal and
	Xiaolong Xu and
	Jielin Jiang and
	Yan Cui},
	title        = {Federated Learning-Based Cross-Enterprise Recommendation With Graph
	Neural Networks},
	journal      = {IEEE Transactions on Industrial Informatics},
	volume       = {19},
	number       = {1},
	pages        = {673--682},
	year         = {2023},
	doi          = {10.1109/TII.2022.3203395},
}
@article{DBLP:journals/tist/LiuHZZXC22,
	author       = {Yijing Liu and
	Dongming Han and
	Jianwei Zhang and
	Haiyang Zhu and
	Mingliang Xu and
	Wei Chen},
	title        = {Federated Multi-task Graph Learning},
	journal      = {ACM Transactions on Intelligent Systems and Technology},
	volume       = {13},
	number       = {5},
	pages        = {80:1--80:27},
	year         = {2022},
	doi          = {10.1145/3527622},

}
@inproceedings{DBLP:conf/cikm/MengL23,
	author       = {En Meng and
	Yong Liu},
	title        = {Graph Contrastive Learning with Graph Info-Min},
	booktitle    = {Proceedings of the 32nd {ACM} International Conference on Information
	and Knowledge Management, {CIKM} 2023, Birmingham, United Kingdom,
	October 21-25, 2023},
	pages        = {4195--4199},
	year         = {2023},
	doi          = {10.1145/3583780.3615162},
}
@article{DBLP:journals/ijon/YuJ24,
	author       = {Jiajun Yu and
	Adele Lu Jia},
	title        = {{AGCL:} Adaptive Graph Contrastive Learning for graph representation
	learning},
	journal      = {Neurocomputing},
	volume       = {566},
	pages        = {127019},
	year         = {2024},
	doi          = {10.1016/J.NEUCOM.2023.127019},
}
@article{DBLP:journals/tkdd/FengJZT24,
	author       = {Shengyu Feng and
	Baoyu Jing and
	Yada Zhu and
	Hanghang Tong},
	title        = {ArieL: Adversarial Graph Contrastive Learning},
	journal      = {ACM Transactions on Knowledge Discovery from Data},
	volume       = {18},
	number       = {4},
	pages        = {82:1--82:22},
	year         = {2024},
	doi          = {10.1145/3638054},
}
@article{DBLP:journals/nn/JiangB24,
	author       = {Wenhao Jiang and
	Yuebin Bai},
	title        = {Probability graph complementation contrastive learning},
	journal      = {Neural Networks},
	volume       = {179},
	pages        = {106522},
	year         = {2024},
	doi          = {10.1016/J.NEUNET.2024.106522},
}
@article{DBLP:journals/tkde/YangWZCYLX24,
	author       = {Haoran Yang and
	Yuhao Wang and
	Xiangyu Zhao and
	Hongxu Chen and
	Hongzhi Yin and
	Qing Li and
	Guandong Xu},
	title        = {Multi-Level Graph Knowledge Contrastive Learning},
	journal      = {IEEE TRANSACTIONS ON KNOWLEDGE AND DATA ENGINEERING},
	volume       = {36},
	number       = {12},
	pages        = {8829--8841},
	year         = {2024},
	doi          = {10.1109/TKDE.2024.3466530},
}
@article{DBLP:journals/nn/LiangDZM0G23,
	author       = {Huidong Liang and
	Xingjian Du and
	Bilei Zhu and
	Zejun Ma and
	Ke Chen and
	Junbin Gao},
	title        = {Graph contrastive learning with implicit augmentations},
	journal      = {Neural Networks},
	volume       = {163},
	pages        = {156--164},
	year         = {2023},
	doi          = {10.1016/J.NEUNET.2023.04.001},
}
@article{DBLP:journals/jksucis/LiMYXCZ24,
	author       = {Mingyuan Li and
	Lei Meng and
	Zhonglin Ye and
	Yuzhi Xiao and
	Shujuan Cao and
	Haixing Zhao},
	title        = {Line graph contrastive learning for node classification},
	journal      = {Journal of King Saud University-Computer and Information Sciences},
	volume       = {36},
	number       = {4},
	pages        = {102011},
	year         = {2024},
	doi          = {10.1016/J.JKSUCI.2024.102011},
}
@article{DBLP:journals/pr/ZhangSMZ23,
	author       = {Zehua Zhang and
	Shilin Sun and
	Guixiang Ma and
	Caiming Zhong},
	title        = {Line graph contrastive learning for link prediction},
	journal      = {Pattern Recognit.},
	volume       = {140},
	pages        = {109537},
	year         = {2023},
	doi          = {10.1016/J.PATCOG.2023.109537},
}
@article{DBLP:journals/tnn/PengCTLW24,
	author       = {Xin Peng and
	Jieren Cheng and
	Xiangyan Tang and
	Jingxin Liu and
	Jiahua Wu},
	title        = {Dual Contrastive Learning Network for Graph Clustering},
	journal      = {IEEE Transactions on Neural Networks and Learning Systems},
	volume       = {35},
	number       = {8},
	pages        = {10846--10856},
	year         = {2024},
	doi          = {10.1109/TNNLS.2023.3244397},
}
@article{DBLP:journals/tkde/WangCXBZWZZ24,
	author       = {Xin Wang and
	Heng Chang and
	Beini Xie and
	Tian Bian and
	Shiji Zhou and
	Daixin Wang and
	Zhiqiang Zhang and
	Wenwu Zhu},
	title        = {Revisiting Adversarial Attacks on Graph Neural Networks for Graph
	Classification},
	journal      = {IEEE TRANSACTIONS ON KNOWLEDGE AND DATA ENGINEERING},
	volume       = {36},
	number       = {5},
	pages        = {2166--2178},
	year         = {2024},
	doi          = {10.1109/TKDE.2023.3313059},
}
@inproceedings{DBLP:conf/europar/ZhangLWYYYF24,
	author       = {Yuxiang Zhang and
	Xin Liu and
	Meng Wu and
	Wei Yan and
	Mingyu Yan and
	Xiaochun Ye and
	Dongrui Fan},
	title        = {Disttack: Graph Adversarial Attacks Toward Distributed {GNN} Training},
	booktitle    = {Euro-Par 2024: Parallel Processing - 30th European Conference on Parallel
	and Distributed Processing, Madrid, Spain, August 26-30, 2024, Proceedings,
	Part {II}},
	volume       = {14802},
	pages        = {302--316},
	year         = {2024},
	doi          = {10.1007/978-3-031-69766-1\_21},

}
@inproceedings{DBLP:conf/complexnetworks/EnnadirANVB23,
	author       = {Sofiane Ennadir and
	Amr Alkhatib and
	Giannis Nikolentzos and
	Michalis Vazirgiannis and
	Henrik Bostr{\"{o}}m},
	title        = {UnboundAttack: Generating Unbounded Adversarial Attacks to Graph Neural
	Networks},
	booktitle    = {Complex Networks {\&} Their Applications {XII} - Proceedings of
	The Twelfth International Conference on Complex Networks and their
	Applications: {COMPLEX} {NETWORKS} 2023, Menton, France, 28-30 November,
	2023, Volume 1},
	volume       = {1141},
	pages        = {100--111},
	publisher    = {Springer},
	year         = {2023},
	doi          = {10.1007/978-3-031-53468-3\_9},
}
@article{DBLP:journals/tkde/ZhaoYYXZLLC24,
	author       = {Ziwei Zhao and
	Yu Yang and
	Zikai Yin and
	Tong Xu and
	Xi Zhu and
	Fake Lin and
	Xueying Li and
	Enhong Chen},
	title        = {Adversarial Attack and Defense on Discrete Time Dynamic Graphs},
	journal      = {IEEE TRANSACTIONS ON KNOWLEDGE AND DATA ENGINEERING},
	volume       = {36},
	number       = {12},
	pages        = {7600--7611},
	year         = {2024},
	doi          = {10.1109/TKDE.2024.3438238},
}
@article{DBLP:journals/corr/abs-2308-07834,
	author       = {Guanghui Zhu and
	Mengyu Chen and
	Chunfeng Yuan and
	Yihua Huang},
	title        = {Simple and Efficient Partial Graph Adversarial Attack: {A} New Perspective},
	journal      = {CoRR},
	volume       = {abs/2308.07834},
	year         = {2023},
	doi          = {10.48550/ARXIV.2308.07834},
	eprinttype    = {arXiv},
	eprint       = {2308.07834},
}
@inproceedings{DBLP:conf/eais/AburidiM24,
	author       = {Mohammed Aburidi and
	Roummel F. Marcia},
	title        = {Topological Adversarial Attacks on Graph Neural Networks Via Projected
	Meta Learning},
	booktitle    = {{IEEE} International Conference on Evolving and Adaptive Intelligent
	Systems, {EAIS} 2024, Madrid, Spain, May 23-24, 2024},
	pages        = {1--8},
	year         = {2024},
	doi          = {10.1109/EAIS58494.2024.10569101},
}
@article{DBLP:journals/kbs/CaoCY24,
	author       = {Feilong Cao and
	Qiyang Chen and
	Hailiang Ye},
	title        = {An effective targeted label adversarial attack on graph neural networks
	by strategically allocating the attack budget},
	journal      = {KNOWLEDGE-BASED SYSTEMS},
	volume       = {293},
	pages        = {111689},
	year         = {2024},
	doi          = {10.1016/J.KNOSYS.2024.111689},
}
@article{DBLP:journals/corr/abs-2401-02663,
	author       = {Jiazhu Dai and
	Haoyu Sun},
	title        = {A backdoor attack against link prediction tasks with graph neural
	networks},
	journal      = {CoRR},
	volume       = {abs/2401.02663},
	year         = {2024},
	doi          = {10.48550/ARXIV.2401.02663},
	eprinttype    = {arXiv},
	eprint       = {2401.02663},

}
@inproceedings{GCN,
	author       = {Thomas N. Kipf and
	Max Welling},
	title        = {Semi-Supervised Classification with Graph Convolutional Networks},
	booktitle    = {5th International Conference on Learning Representations, {ICLR} 2017,
	Toulon, France, April 24-26, 2017, Conference Track Proceedings},
	publisher    = {OpenReview.net},
	year         = {2017},
}
@inproceedings{DBLP:conf/nips/HamiltonYL17,
	author       = {William L. Hamilton and
	Zhitao Ying and
	Jure Leskovec},
	title        = {Inductive Representation Learning on Large Graphs},
	booktitle    = {Advances in Neural Information Processing Systems 30: Annual Conference
	on Neural Information Processing Systems 2017, December 4-9, 2017,
	Long Beach, CA, {USA}},
	pages        = {1024--1034},
	year         = {2017},
}
@inproceedings{GAT,
	author       = {Petar Velickovic and
	Guillem Cucurull and
	Arantxa Casanova and
	Adriana Romero and
	Pietro Li{\`{o}} and
	Yoshua Bengio},
	title        = {Graph Attention Networks},
	booktitle    = {6th International Conference on Learning Representations, {ICLR} 2018,
	Vancouver, BC, Canada, April 30 - May 3, 2018, Conference Track Proceedings},
	publisher    = {OpenReview.net},
	year         = {2018},
	
}

@article{ WOS:001294329300001,
	Author = {Tang, Yuncan and Liang, Yongquan},
	Title = {Credit card fraud detection based on federated graph learning},
	Journal = {EXPERT SYSTEMS WITH APPLICATIONS},
	Year = {2024},
	Volume = {256},
	Month = {DEC 5},
	DOI = {10.1016/j.eswa.2024.124979},
}

@inproceedings{Robust,
	author       = {Dingyuan Zhu and
	Ziwei Zhang and
	Peng Cui and
	Wenwu Zhu},
	title        = {Robust Graph Convolutional Networks Against Adversarial Attacks},
	booktitle    = {Proceedings of the 25th {ACM} {SIGKDD} International Conference on
	Knowledge Discovery {\&} Data Mining, {KDD} 2019, Anchorage, AK,
	USA, August 4-8, 2019},
	pages        = {1399--1407},
	publisher    = {{ACM}},
	year         = {2019},
	doi          = {10.1145/3292500.3330851},
}
@article{ WOS:001369501700001,
	Author = {Sun, Chuxiong and Hu, Jie and Gu, Hongming and Chen, Jinpeng and Liang,
	Wei and Yang, Mingchuan},
	Title = {Scalable and Adaptive Graph Neural Networks with Self-Label-Enhanced
	Training},
	Journal = {PATTERN RECOGNITION},
	Year = {2025},
	Volume = {160},
	Month = {APR},
	DOI = {10.1016/j.patcog.2024.111210},
}

@inproceedings{ WOS:000749552300022,
	Author = {Wang, Yiwei and Wang, Wei and Liang, Yuxuan and Cai, Yujun and Liu,
	Juncheng and Hooi, Bryan},
	Book-Group-Author = {ASSOC COMP MACHINERY},
	Title = {NodeAug: Semi-Supervised Node Classification with Data Augmentation},
	Booktitle = {KDD `20: PROCEEDINGS OF THE 26TH ACM SIGKDD INTERNATIONAL CONFERENCE ON
	KNOWLEDGE DISCOVERY \& DATA MINING},
	Year = {2020},
	Pages = {207-217},
	DOI = {10.1145/3394486.3403063},
	ISBN = {978-1-4503-7998-4}
}
@inproceedings{cora,
	author       = {Zhilin Yang and
	William W. Cohen and
	Ruslan Salakhutdinov},
	title        = {Revisiting Semi-Supervised Learning with Graph Embeddings},
	booktitle    = {Proceedings of the 33nd International Conference on Machine Learning,
	{ICML} 2016, New York City, NY, USA, June 19-24, 2016},
	volume       = {48},
	pages        = {40--48},
	year         = {2016},
}
@article{DBLP:journals/aim/SenNBGGE08,
	author       = {Prithviraj Sen and
	Galileo Namata and
	Mustafa Bilgic and
	Lise Getoor and
	Brian Gallagher and
	Tina Eliassi{-}Rad},
	title        = {Collective Classification in Network Data},
	journal      = {{AI} Mag.},
	volume       = {29},
	number       = {3},
	pages        = {93--106},
	year         = {2008},
	doi          = {10.1609/AIMAG.V29I3.2157},
}

@inproceedings{PDG,
	author       = {Kaidi Xu and
	Hongge Chen and
	Sijia Liu and
	Pin{-}Yu Chen and
	Tsui{-}Wei Weng and
	Mingyi Hong and
	Xue Lin},
	editor       = {Sarit Kraus},
	title        = {Topology Attack and Defense for Graph Neural Networks: An Optimization
	Perspective},
	booktitle    = {Proceedings of the Twenty-Eighth International Joint Conference on
	Artificial Intelligence, {IJCAI} 2019, Macao, China, August 10-16,
	2019},
	pages        = {3961--3967},
	publisher    = {ijcai.org},
	year         = {2019},
	doi          = {10.24963/IJCAI.2019/550},
}
@article{DICE,
	author       = {Marcin Waniek and
	Tomasz P. Michalak and
	Talal Rahwan and
	Michael J. Wooldridge},
	title        = {Hiding Individuals and Communities in a Social Network},
	journal      = {CoRR},
	volume       = {abs/1608.00375},
	year         = {2016},

	eprinttype    = {arXiv},
	eprint       = {1608.00375},
}
@inproceedings{MinMax,
	author       = {Kaidi Xu and
	Hongge Chen and
	Sijia Liu and
	Pin{-}Yu Chen and
	Tsui{-}Wei Weng and
	Mingyi Hong and
	Xue Lin},
	title        = {Topology Attack and Defense for Graph Neural Networks: An Optimization
	Perspective},
	booktitle    = {Proceedings of the Twenty-Eighth International Joint Conference on
	Artificial Intelligence, {IJCAI} 2019, Macao, China, August 10-16,
	2019},
	pages        = {3961--3967},
	publisher    = {ijcai.org},
	year         = {2019},

	doi          = {10.24963/IJCAI.2019/550},
}
@inproceedings{UNEAttack,
	author       = {Aleksandar Bojchevski and
	Stephan G{\"{u}}nnemann},
	title        = {Adversarial Attacks on Node Embeddings via Graph Poisoning},
	booktitle    = {Proceedings of the 36th International Conference on Machine Learning,
	{ICML} 2019, 9-15 June 2019, Long Beach, California, {USA}},
	series       = {Proceedings of Machine Learning Research},
	volume       = {97},
	pages        = {695--704},
	publisher    = {{PMLR}},
	year         = {2019},

}
@inproceedings{Metattack,
	author       = {Daniel Z{\"{u}}gner and
	Stephan G{\"{u}}nnemann},
	title        = {Adversarial Attacks on Graph Neural Networks via Meta Learning},
	booktitle    = {7th International Conference on Learning Representations, {ICLR} 2019,
	New Orleans, LA, USA, May 6-9, 2019},
	publisher    = {OpenReview.net},
	year         = {2019},
}