%%%%%%%%%%%%%%%%%%%%%% Paper-cutting Background and Challenges
@misc{ich2009unesco,
    title={UNESCO Intangible Cultural Heritage Lists},
    author={UNESCO},
    year={2009},
    url={https://ich.unesco.org/en/RL/chinese-paper-cut-00219}
}


% 基于非遗保护视角下剪纸艺术设计传承问题探讨
@article{Zhang:2021:dot,
  title={Discussion on the Inheritance and Design of Paper-cutting Art from the Perspective of Intangible Cultural Heritage Protection},
  author={Zhang, Di},
  journal={China Paper Newsletters},
volume = {},
number = {10},
pages = {77-78},
year = {2021},
}

%非遗视角下黄河流域剪纸艺术的开发与保护
@article{Wang:2021:dap,
author = {Wang,Ruoyao},
title = {Development and Preservation of Paper-cutting Art in the Yellow River Basin from the Perspective of Intangible Cultural Heritage},
journal = {China Paper Newsletters},
volume = {},
number = {05},
pages = {74-75},
year = {2021},
}

% 剪纸艺术的历史演变与现代创新表达

@article{Cao:2023:the,
author = {Cao, Qianqian},
title = {The Historical Evolution and Modern Innovative Expressions of Paper-cutting Art},
journal = {China Paper Newsletters},
volume = {},
number = {12},
pages = {81-82},
year = {2023},
}


% 中国少数民族民间剪纸文化研究

@phdthesis{Ma:2010:sof,
  title={Study of Folk Paper-cutting Culture Among Chinese Ethnic Minorities},
  author={Ma, Liping},
  school={Minzu University of China},
  year={2010},
  month={March}
}

%中国剪纸的功能流变研究
@mastersthesis {Cui:2016:sot,
author = {Cui, Xiaoqing},
title = {Study on the Functional Evolution of Chinese Paper-cutting},
school = {China Central Academy of Fine Arts},
year = {2016},
month={May}
}

%中国剪纸艺术中的锯齿纹样研究
@mastersthesis{Zhang:2018:sos,
author = {Zhang,Qiqi},
title = {Study of Sawtooth Patterns in Chinese Paper-cutting Art},
school = {Shanghai University},
year = {2018},
month={April}
}

% 中国非物质文化遗产数字化保护与发展研究
@article{Huang:2012:ICHprotecting,
  title={Research on the Digital Preservation and Development of Chinese Intangible Cultural Heritage},
  author={Huang, Yonglin and Tan, Guoxin},
  journal={Journal of Central China Normal University (Humanities and Social Sciences Edition)},
  volume={51},
  number={2},
  pages={49--55},
  year={2012}
}

% 活态的纸文明 作为世界非物质文化遗产的中国剪纸传统
@book{Qiao:2011:liveICH,
  title={Living Paper Culture: The Tradition of Chinese Paper Cutting as a World Intangible Cultural Heritage},
  author={Qiao, Xiaoguang},
  publisher={Heilongjiang People's Publishing House},
  year={2011},
  address={Harbin, Heilongjiang, China},
  isbn={978-7-207-09019-5},
}

% 论中国民间剪纸艺术的风格特征及其成因
@phdthesis{Bai:2003:stylistic,
  title={On the Stylistic Characteristics and Causes of Chinese Folk Paper Cutting Art},
  author={Bai,Hanxia},
  school={China Central Academy of Fine Arts},
  year={2003},
}


%数字时代剪纸艺术的保护与传承
@article{Li:2023:digitalpapercut,
  title={Protection and Inheritance of Paper Cutting Art in the Digital Age},
  author={Li, Junlei},
  journal={China Paper Newsletters},
  volume={},
 number={6},
  pages={97--98},
  year={2023}
}

%剪纸民俗的文化阐释
@book{Wang:2021:folk,
  title={Cultural Interpretation of Paper Cutting Folklore},
  author={Wang, Guisheng},
  year={2021},
  publisher={Peking University Publishing House},
  isbn={978-7-301-15196-9},
}

% 论民间剪纸艺术的传承和继承问题
@article{Wang:2018:transinheritance,
  title={On the Issues of Transmission and Inheritance in Folk Paper-cutting Art},
  author={Wang, Wenjing},
  journal={Popular Literature and Art},
  volume ={},
  number={21},
  pages={2},
  year={2018},
}

%%%%%%%%%%%%%%%%%%%%%%%%% 纹样知识

% 中国经典纹样图鉴
@book{Huang:2021:chinesepattern,
  title={The Chinese Classic Pattern Book},
  author={Huang, Qingsui},
  year={2021},
  publisher={People's Posts and Telecommunications Publishing House},
  isbn={978-7-115-55200-6},
  address ={Beijing, China}
}

% 民间传统剪纸纹样
@book{Wang:2009:folkpattern,
  title={Traditional Folk Paper Cutting Patterns},
  author={Wang, Guangpu and Xu, Wei},
  year={2009},
  publisher={Gansu People's Fine Arts Publishing House},
  address={Lanzhou, Gansu, China},
  isbn={978-7-80588-780-7},
}


% 剪纸与文化(中国传统剪纸图说)
@book{Zhao:2023:papercutculture,
    author = {Zhao, Linlin},
    title = {Paper Cutting and Culture (Illustrated Chinese Traditional Paper Cutting)},
    publisher = {Posts and Telecom Publishing House},
    year = {2023},
    month={June},
    isbn={978-7115608987},
}

%%%%%%%%%%%%%%%%%%%% Paper-cutting Creation with digital techniques %%%%%

@inproceedings{Liu:2018:pdf,
author = {Liu, Lijuan and Chen, Yang and Wang, Pinhao and Liu, Yizhou and Zhang, Caowei and Li, Xuan and Yao, Cheng and Ying, Fangtian},
title = {Papercut: Digital Fabrication and Design for Paper Cutting},
year = {2018},
isbn = {9781450356213},
publisher = {ACM},

url = {https://doi.org/10.1145/3170427.3188522},
doi = {10.1145/3170427.3188522},
booktitle = {Extended Abstracts of the 2018 CHI Conference on Human Factors in Computing Systems},
pages = {1–6},
numpages = {6},
location = {Montreal QC, Canada},
series = {CHI EA '18}
}

% 基于进化计算技术的剪纸图案创新设计研究与实现
@mastersthesis{Liu:2009:rai,
    author ={Liu, Tao} ,
    title = {Research and Implementation of Innovative Paper-cutting Pattern Design Based on Evolutionary Computation Technology},
    school = {Shandong Normal University},
    year = {2009},
    month=may
}

%基于规则学习的传统纹样统一生成模式研究.
@article{Li:2020:aug,
  title={An Unified Generation Scheme of Traditional Patterns Based on Rule Learning},
  author={Li, Hubiao and Hou, Xiaogang and Wang, Tingting and Zhao, Haiying},
  journal={Journal of Zhejiang University (Science Edition)},
  year={2020},
  volume={47},
  number={6},
  pages={669-680}
}

% 计算机辅助生成剪纸形象
@article{Zhang:2005:cag,
author = {Zhang, Xianquan and Yu, Jinhui and Jiang, Linglin and Tao, Xiaomei},
title = {Computer Assisted Generation of Paper Cut-out Images},
journal = {Journal of Computer-aided Design \& Computer Graphics},
volume = {17},
number = {6},
pages = {1378-1382},
year = {2005}
}

% 基于纹样的计算机剪纸系统
@article{Zhang:2006:cpc,
  title={Computer Paper Cut-out System Based on Decorative Pattern},
  author={Zhang, Xianquan and Yu, Jinhui and Jiang, Linglin and Liu, Lina},
  journal={Computer Engineering},
  volume={32},
  number={11},
  pages={248--250},
  year={2006}
}

%基于图像边界识别的剪纸系统设计
@article{Shui:2008:edgepaper,
  title={Design of a Paper Cutting System Based on Image Boundary Recognition},
  author={Shui,Linlin and Cao, Jianxiang and Lin, Weiguo and Shi, Minyong},
  journal={Advances in Computer Graphics in China},
  year={2008}
}

% 基于几何特征的剪纸图案识别
@inproceedings{Zhang:2009:cutout,
  title={Paper Cut-Out Patterns Recognition Based on Geometrical Features},
  author={Zhang, Xianquan and Qin, Fangyuan and Li, Guoxiang},
  booktitle={2009 International Conference on Information Engineering and Computer Science},
  pages={1--4},
  year={2009},
  organization={IEEE}
}

%基于艺术特点的中国剪纸生成方法设计与实现
@mastersthesis{Hu:2017:tda,
  title={The Design and Implementation of Chinese Paper-cutting Generation Method based on its Artistic Characteristics},
  author={Hu, Wenwen},
  year={2017},
  school={Zhejiang University of Technology}
}

@inproceedings{Xu:2007:computer,
  title={Computer-generated papercutting},
  author={Xu, Jie and Kaplan, Craig S and Mi, Xiaofeng},
  booktitle={15th Pacific Conference on Computer Graphics and Applications (PG'07)},
  pages={343--350},
  year={2007},
  organization={IEEE}
}

@inproceedings{Xu:2008:artistic,
  title={Artistic thresholding},
  author={Xu, Jie and Kaplan, Craig S},
  booktitle={Proceedings of the 6th International Symposium on Non-photorealistic Animation and Rendering},
  pages={39--47},
  year={2008}
}

@inproceedings{Meng:2010:apc,
author = {Meng, Meng and Zhao, Mingtian and Zhu, Song-Chun},
title = {Artistic Paper-cut of Human Portraits},
year = {2010},
isbn = {9781605589336},
publisher = {ACM},

url = {https://doi.org/10.1145/1873951.1874116},
doi = {10.1145/1873951.1874116},
booktitle = {Proceedings of the 18th ACM International Conference on Multimedia},
pages = {931–934},
numpages = {4},
location = {Firenze, Italy},
series = {MM '10}
}

@inproceedings{Liu:2020:intcut,
  author={Liu, Enmao and Liu, Lijuan and Wang, Junwu and Jin, Qiming and Yao, Cheng and Ying, Fangtian},
  booktitle={2020 15th IEEE Conference on Industrial Electronics and Applications (ICIEA)}, 
  title={Int-Papercut: An Intelligent Pattern Generation with Papercut Style Based on Convolutional Neural Network}, 
  year={2020},
  volume={},
  number={},
  pages={59-67},
  doi={10.1109/ICIEA48937.2020.9248173}}

%%%%%%%%%%%%%%%%%%%%%%%%%%        GenAI 
%%%%%%%% GenAI模型

%%%%%%%%%%% gpt2,gpt3
@article{Radford:2018:gpt2,
  title={Improving Language Understanding by Generative Pre-training},
  author={Radford, Alec and Narasimhan, Karthik and Salimans, Tim and Sutskever, Ilya and others},
  year={2018},
  journal={},
}

@article{Radford:2019:gpt2,
  title={Language Models are Unsupervised Multitask Learners},
  author={Radford, Alec and Wu, Jeff and Child, Rewon and Luan, David and Amodei, Dario and Sutskever, Ilya},
  year={2019},
  journal={},
}

%%%%%%%%%%%% vae
@misc{Kingma:2022:vae,
      title={Auto-Encoding Variational Bayes}, 
      author={Diederik P Kingma and Max Welling},
      year={2022},
month={December},
      eprint={1312.6114},
      eid={arXiv:1312.6114},
      archivePrefix={arXiv},
      primaryClass={stat.ML},
}

%%%%%%%%%%% gan
@article{Goodfellow:2020:gan,
  title={Generative adversarial networks},
  author={Goodfellow, Ian and Pouget-Abadie, Jean and Mirza, Mehdi and Xu, Bing and Warde-Farley, David and Ozair, Sherjil and Courville, Aaron and Bengio, Yoshua},
  journal={Communications of the ACM},
  volume={63},
  number={11},
  pages={139--144},
  year={2020},
  publisher={ACM New York, NY, USA}
}

%%%%%%%%%%%% CLIP

@InProceedings{Radford:2021:clip,
  title = 	 {Learning Transferable Visual Models From Natural Language Supervision},
  author =       {Radford, Alec and Kim, Jong Wook and Hallacy, Chris and Ramesh, Aditya and Goh, Gabriel and Agarwal, Sandhini and Sastry, Girish and Askell, Amanda and Mishkin, Pamela and Clark, Jack and Krueger, Gretchen and Sutskever, Ilya},
  booktitle = 	 {Proceedings of the 38th International Conference on Machine Learning},
  pages = 	 {8748--8763},
  year = 	 {2021},
  editor = 	 {Meila, Marina and Zhang, Tong},
  volume = 	 {139},
  series = 	 {Proceedings of Machine Learning Research},
  month = 	 {18--24 Jul},
  publisher =    {PMLR},
  pdf = 	 {http://proceedings.mlr.press/v139/radford21a/radford21a.pdf},
  url = 	 {https://proceedings.mlr.press/v139/radford21a.html},
}


%% blip
@InProceedings{Li:2022:blip,
  title = 	 {{BLIP}: Bootstrapping Language-Image Pre-training for Unified Vision-Language Understanding and Generation},
  author =       {Li, Junnan and Li, Dongxu and Xiong, Caiming and Hoi, Steven},
  booktitle = 	 {Proceedings of the 39th International Conference on Machine Learning},
  pages = 	 {12888--12900},
  year = 	 {2022},
  editor = 	 {Chaudhuri, Kamalika and Jegelka, Stefanie and Song, Le and Szepesvari, Csaba and Niu, Gang and Sabato, Sivan},
  volume = 	 {162},
  series = 	 {Proceedings of Machine Learning Research},
  month = 	 {17--23 Jul},
  publisher =    {PMLR},
  url = 	 {https://proceedings.mlr.press/v162/li22n.html},
}

%%%%%%%%%%%%%%%%%%%%%% Specific models in GenAI
%%% writing
@inproceedings{Swanson:2021:story,
    title = "Story Centaur: Large Language Model Few Shot Learning as a Creative Writing Tool",
    author = "Swanson, Ben  and
      Mathewson, Kory  and
      Pietrzak, Ben  and
      Chen, Sherol  and
      Dinalescu, Monica",
    editor = "Gkatzia, Dimitra  and
      Seddah, Djam{\'e}",
    booktitle = "Proceedings of the 16th Conference of the European Chapter of the Association for Computational Linguistics: System Demonstrations",
    month = apr,
    year = "2021",
    address = "Online",
    publisher = "ACL",
    url = "https://aclanthology.org/2021.eacl-demos.29",
    doi = "10.18653/v1/2021.eacl-demos.29",
    pages = "244--256",
}

%% image generation
@article{Zhang:2023:prospect,
title={ProSpect: Prompt Spectrum for Attribute-Aware Personalization of Diffusion Models},
author={Zhang, Yuxin and Dong, Weiming and Tang, Fan and Huang, Nisha and Huang, Haibin and Ma, Chongyang and Lee, Tong-Yee and Deussen, Oliver and Xu, Changsheng},
journal={ACM Transactions on Graphics (TOG)},
volume={42},
number={6},
pages={244:1--244:14},
year={2023},
publisher={ACM New York, NY, USA}
}

@InProceedings{Chung:2024:styleid,
    author    = {Chung, Jiwoo and Hyun, Sangeek and Heo, Jae-Pil},
    title     = {Style Injection in Diffusion: A Training-free Approach for Adapting Large-scale Diffusion Models for Style Transfer},
    booktitle = {Proceedings of the IEEE/CVF Conference on Computer Vision and Pattern Recognition (CVPR)},
    month     = {June},
    year      = {2024},
    pages     = {8795-8805},
publisher={IEEE},
}

@InProceedings{Zhang:2023:inst,
 author    = {Zhang, Yuxin and Huang, Nisha and Tang, Fan and Huang, Haibin and Ma, Chongyang and Dong, Weiming and Xu, Changsheng},
 title     = {Inversion-Based Style Transfer With Diffusion Models},
 booktitle = {Proceedings of the IEEE/CVF Conference on Computer Vision and Pattern Recognition (CVPR)},
 month     = {June},
 year      = {2023},
 pages     = {10146-10156},
publisher={IEEE},
}

@inproceedings{Chen:2024:democaricature,
  title={Democaricature: Democratising caricature generation with a rough sketch},
  author={Chen, Dar-Yen and Bhunia, Ayan Kumar and Koley, Subhadeep and Sain, Aneeshan and Chowdhury, Pinaki Nath and Song, Yi-Zhe},
  booktitle={Proceedings of the IEEE/CVF Conference on Computer Vision and Pattern Recognition (CVPR)},
  pages={8629--8639},
  year={2024},
publisher={IEEE},
}

%%%%%%%%%%%%%%%%%%% GenAI application: ChatGPT, Stable Diffusion
@misc{chatgpt,
    author={Open AI},
    title={Introducing ChatGPT},
    url={https://openai.com/blog/chatgpt},
    month={August},
    year={2023}
}

@inproceedings{Rombach:2022:stablediffusion,
    author    = {Rombach, Robin and Blattmann, Andreas and Lorenz, Dominik and Esser, Patrick and Ommer, Björn},
    title     = {High-Resolution Image Synthesis With Latent Diffusion Models},
    booktitle = {Proceedings of the IEEE/CVF Conference on Computer Vision and Pattern Recognition (CVPR)},
    month     = {June},
    year      = {2022},
    pages     = {10684-10695},
    address={New Orleans, LA, USA},
    publisher={IEEE}
}

%%%%%%%%%%%%%%%%%%%% Creative Works (写作，绘画，手工艺设计) with Gen AI %%%%%

%%%%%%%% GenAI综述，有关性能评估与批判,、用于设计
@inproceedings{Muller:2022:genaichi,
author = {Muller, Michael and Chilton, Lydia B and Kantosalo, Anna and Martin, Charles Patrick and Walsh, Greg},
title = {GenAICHI: Generative AI and HCI},
year = {2022},
isbn = {9781450391566},
publisher = {ACM},

url = {https://doi.org/10.1145/3491101.3503719},
doi = {10.1145/3491101.3503719},
booktitle = {Extended Abstracts of the 2022 CHI Conference on Human Factors in Computing Systems},
articleno = {110},
numpages = {7},
location = {New Orleans, LA, USA},
series = {CHI EA '22}
}

@article{Centinic:2022:aiartreview,
author = {Cetinic, Eva and She, James},
title = {Understanding and Creating Art with AI: Review and Outlook},
year = {2022},
issue_date = {May 2022},
publisher = {ACM},

volume = {18},
number = {2},
issn = {1551-6857},
url = {https://doi.org/10.1145/3475799},
doi = {10.1145/3475799},
journal = {ACM Transactions on Multimedia Computing, Communications, and Applications},
month = {feb},
articleno = {66},
numpages = {22},
}

@misc{Heyrani:2021:creativegan,
       author = {Amin Heyrani Nobari and Muhammad Fathy Rashad and Faez Ahmed},
        title = {CreativeGAN: Editing Generative Adversarial Networks for Creative Design Synthesis},
         year = {2021},
        month = "March",
          eid = {arXiv:2103.06242},
archivePrefix = {arXiv},
       eprint = {2103.06242},
 primaryClass = {cs.LG},
}


%%%%%%%%%% GenAI 的缺陷和被批判的问题
%% 同质性
@inproceedings{Amderson:2024:homogenization,
author = {Anderson, Barrett R and Shah, Jash Hemant and Kreminski, Max},
title = {Homogenization Effects of Large Language Models on Human Creative Ideation},
year = {2024},
isbn = {9798400704857},
publisher = {ACM},

url = {https://doi.org/10.1145/3635636.3656204},
doi = {10.1145/3635636.3656204},
booktitle = {Proceedings of the 16th Conference on Creativity \& Cognition},
pages = {413–425},
numpages = {13},
location = {Chicago, IL, USA},
series = {C\&C '24}
}

@inproceedings{Brown:2020:fewshotlearners,
 author = {Brown, Tom and Mann, Benjamin and Ryder, Nick and Subbiah, Melanie and Kaplan, Jared D and Dhariwal, Prafulla and Neelakantan, Arvind and Shyam, Pranav and Sastry, Girish and Askell, Amanda and Agarwal, Sandhini and Herbert-Voss, Ariel and Krueger, Gretchen and Henighan, Tom and Child, Rewon and Ramesh, Aditya and Ziegler, Daniel and Wu, Jeffrey and Winter, Clemens and Hesse, Chris and Chen, Mark and Sigler, Eric and Litwin, Mateusz and Gray, Scott and Chess, Benjamin and Clark, Jack and Berner, Christopher and McCandlish, Sam and Radford, Alec and Sutskever, Ilya and Amodei, Dario},
 booktitle = {Advances in Neural Information Processing Systems},
 editor = {H. Larochelle and M. Ranzato and R. Hadsell and M.F. Balcan and H. Lin},
 pages = {1877--1901},
 publisher = {Curran Associates, Inc.},
 title = {Language Models are Few-Shot Learners},
 volume = {33},
 year = {2020},
 location={Virtual}
}

@misc{Cui:2024:chatlaw,
      title={Chatlaw: A Multi-Agent Collaborative Legal Assistant with Knowledge Graph Enhanced Mixture-of-Experts Large Language Model}, 
      author={Jiaxi Cui and Munan Ning and Zongjian Li and Bohua Chen and Yang Yan and Hao Li and Bin Ling and Yonghong Tian and Li Yuan},
      year={2024},
      month={May},
      eprint={2306.16092},
      archivePrefix={arXiv},
      primaryClass={cs.CL},
      eid={arXiv:2306.16092}
}


@misc{Wang:2023:methodsknowledge,
  title={Methods for Acquiring and Incorporating Knowledge into Stock Price Prediction: A Survey},
  author={Wang, Liping and Li, Jiawei and Zhao, Lifan and Kou, Zhizhuo and Wang, Xiaohan and Zhu, Xinyi and Wang, Hao and Shen, Yanyan and Chen, Lei},
      year={2023},
      month={August},
      eprint={2308.04947},
      archivePrefix={arXiv},
      primaryClass={q-fin.ST},
      eid={arXiv:2308.04947}
}

%% 需要领域知识：
@misc{Lu:2023:humanstillwin,
       author = {Yuxuan Lu and Bingsheng Yao and Shao Zhang and Yun Wang and Peng Zhang and Tun Lu and Toby Jia-Jun Li and Dakuo Wang},
        title = {Human Still Wins over LLM: An Empirical Study of Active Learning on Domain-Specific Annotation Tasks},
        month = "Nov",
        eid = {arXiv:2311.09825},
      year={2023},
      eprint={2311.09825},
      archivePrefix={arXiv},
      primaryClass={cs.CL},
}

%%%%%%%% 写作创意
@inproceedings{Reza:2024:abscribe,
author = {Reza, Mohi and Laundry, Nathan M and Musabirov, Ilya and Dushniku, Peter and Yu, Zhi Yuan “Michael” and Mittal, Kashish and Grossman, Tovi and Liut, Michael and Kuzminykh, Anastasia and Williams, Joseph Jay},
title = {ABScribe: Rapid Exploration \& Organization of Multiple Writing Variations in Human-AI Co-Writing Tasks using Large Language Models},
year = {2024},
isbn = {9798400703300},
publisher = {ACM},

url = {https://doi.org/10.1145/3613904.3641899},
doi = {10.1145/3613904.3641899},
booktitle = {Proceedings of the 2024 CHI Conference on Human Factors in Computing Systems},
articleno = {1042},
numpages = {18},
location = {Honolulu, HI, USA},
series = {CHI '24}
}

@inproceedings{Yuan:2022:wordcraft,
author = {Yuan, Ann and Coenen, Andy and Reif, Emily and Ippolito, Daphne},
title = {Wordcraft: Story Writing With Large Language Models},
year = {2022},
isbn = {9781450391443},
publisher = {ACM},

url = {https://doi.org/10.1145/3490099.3511105},
doi = {10.1145/3490099.3511105},
booktitle = {Proceedings of the 27th International Conference on Intelligent User Interfaces},
pages = {841–852},
numpages = {12},
location = {Helsinki, Finland},
series = {IUI '22}
}

%%%%%%%% 绘画创意
@inproceedings{Xu:2023:magicalbrush,
author = {Xu, Haoran and Chen,Shuyao and Ying,Zhang},
title = {Magical Brush: A Symbol-Based Modern Chinese Painting System for Novices},
year = {2023},
isbn = {9781450394215},
publisher = {ACM},

url = {https://doi.org/10.1145/3544548.3581429},
doi = {10.1145/3544548.3581429},
booktitle = {Proceedings of the 2023 CHI Conference on Human Factors in Computing Systems},
articleno = {131},
numpages = {14},
location = {Hamburg, Germany},
series = {CHI '23}
}

@inproceedings{Fan:2024:contextcam,
author = {Fan, Xianzhe and Wu, Zihan and Yu, Chun and Rao, Fenggui and Shi, Weinan and Tu, Teng},
title = {ContextCam: Bridging Context Awareness with Creative Human-AI Image Co-Creation},
year = {2024},
isbn = {9798400703300},
publisher = {ACM},

url = {https://doi.org/10.1145/3613904.3642129},
doi = {10.1145/3613904.3642129},
booktitle = {Proceedings of the 2024 CHI Conference on Human Factors in Computing Systems},
articleno = {157},
numpages = {17},
location = {Honolulu, HI, USA},
series = {CHI '24}
}

@inproceedings{Wang:2024:promptcharm,
author = {Wang, Zhijie and Huang, Yuheng and Song, Da and Ma, Lei and Zhang, Tianyi},
title = {PromptCharm: Text-to-Image Generation through Multi-modal Prompting and Refinement},
year = {2024},
isbn = {9798400703300},
publisher = {ACM},

url = {https://doi.org/10.1145/3613904.3642803},
doi = {10.1145/3613904.3642803},
booktitle = {Proceedings of the 2024 CHI Conference on Human Factors in Computing Systems},
articleno = {185},
numpages = {21},
location = {Honolulu, HI, USA},
series = {CHI '24}
}

@article{Xu:2024:fuzzypainting,
  title={A Fuzzy Control Algorithm based on Artificial Intelligence for the Fusion of Traditional Chinese Painting and AI Painting},
  author={Xu, Xu},
  journal={Scientific Reports},
  volume={14},
  number={1},
  pages={17846},
  year={2024},
  publisher={Nature Publishing Group UK London},
  doi={10.1038/s41598-024-68375-x}
}

%%%%%%%% 手工艺设计
@inproceedings{Yao:2024:shadowmaker,
author = {Yao, Zhihao and Lyu, Shiqing and Lu, Yao and Sun, Qirui and Li, Hanxuan and Wang, Xuezhu and Liu, Guanhong and Mi, Haipeng},
title = {ShadowMaker: Sketch-Based Creation Tool for Digital Shadow Puppetry},
year = {2024},
isbn = {9798400703317},
publisher = {ACM},

url = {https://doi.org/10.1145/3613905.3648657},
doi = {10.1145/3613905.3648657},
booktitle = {Extended Abstracts of the 2024 CHI Conference on Human Factors in Computing Systems},
articleno = {417},
numpages = {5},
location = {Honolulu, HI, USA},
series = {CHI EA '24}
}

%%%%%%%%%%%%%%%%%%%%  Creative Support Tool with GenAI
@inproceedings{Chung:2023:promptpaint,
author = {Chung, John Joon Young and Adar, Eytan},
title = {PromptPaint: Steering Text-to-Image Generation Through Paint Medium-like Interactions},
year = {2023},
isbn = {9798400701320},
publisher = {ACM},

url = {https://doi.org/10.1145/3586183.3606777},
doi = {10.1145/3586183.3606777},
booktitle = {Proceedings of the 36th Annual ACM Symposium on User Interface Software and Technology},
articleno = {6},
numpages = {17},
location = {San Francisco, CA, USA},
series = {UIST '23}
}

@inproceedings{Wan:2023:gancollage,
author = {Wan, Qian and Lu, Zhicong},
title = {GANCollage: A GAN-Driven Digital Mood Board to Facilitate Ideation in Creativity Support},
year = {2023},
isbn = {9781450398930},
publisher = {ACM},

url = {https://doi.org/10.1145/3563657.3596072},
doi = {10.1145/3563657.3596072},
booktitle = {Proceedings of the 2023 ACM Designing Interactive Systems Conference},
pages = {136–146},
numpages = {11},
location = {Pittsburgh, PA, USA},
series = {DIS '23}
}


@inproceedings{Hou:2024:c2ideas,
author = {Hou, Yihan and Yang, Manling and Cui, Hao and Wang, Lei and Xu, Jie and Zeng, Wei},
title = {C2Ideas: Supporting Creative Interior Color Design Ideation with a Large Language Model},
year = {2024},
isbn = {9798400703300},
publisher = {ACM},

url = {https://doi.org/10.1145/3613904.3642224},
doi = {10.1145/3613904.3642224},
booktitle = {Proceedings of the 2024 CHI Conference on Human Factors in Computing Systems},
articleno = {172},
numpages = {18},
location = {Honolulu, HI, USA},
series = {CHI '24}
}

@inproceedings{Wang:2024:roomdreaming,
author = {Wang, Shun-Yu and Su, Wei-Chung and Chen, Serena and Tsai, Ching-Yi and Misztal, Marta and Cheng, Katherine M. and Lin, Alwena and Chen, Yu and Chen, Mike Y.},
title = {RoomDreaming: Generative-AI Approach to Facilitating Iterative, Preliminary Interior Design Exploration},
year = {2024},
isbn = {9798400703300},
publisher = {ACM},

url = {https://doi.org/10.1145/3613904.3642901},
doi = {10.1145/3613904.3642901},
booktitle = {Proceedings of the 2024 CHI Conference on Human Factors in Computing Systems},
articleno = {379},
numpages = {20},
location = {Honolulu, HI, USA},
series = {CHI '24}
}

@inproceedings{Choi:2024:creativeconnect,
author = {Choi, DaEun and Hong, Sumin and Park, Jeongeon and Chung, John Joon Young and Kim, Juho},
title = {CreativeConnect: Supporting Reference Recombination for Graphic Design Ideation with Generative AI},
year = {2024},
isbn = {9798400703300},
publisher = {ACM},

url = {https://doi.org/10.1145/3613904.3642794},
doi = {10.1145/3613904.3642794},
booktitle = {Proceedings of the 2024 CHI Conference on Human Factors in Computing Systems},
articleno = {1055},
numpages = {25},
location = {Honolulu, HI, USA},
series = {CHI '24}
}

@inproceedings{Xiao:2024:typedance,
author = {Xiao, Shishi and Wang, Liangwei and Ma, Xiaojuan and Zeng, Wei},
title = {TypeDance: Creating Semantic Typographic Logos from Image through Personalized Generation},
year = {2024},
isbn = {9798400703300},
publisher = {ACM},

url = {https://doi.org/10.1145/3613904.3642185},
doi = {10.1145/3613904.3642185},
booktitle = {Proceedings of the 2024 CHI Conference on Human Factors in Computing Systems},
articleno = {175},
numpages = {18},
location = {Honolulu, HI, USA},
series = {CHI '24}
}

@inproceedings{Kamath:2024:sound,
author = {Kamath, Purnima and Morreale, Fabio and Bagaskara, Priambudi Lintang and Wei, Yize and Nanayakkara, Suranga},
title = {Sound Designer-Generative AI Interactions: Towards Designing Creative Support Tools for Professional Sound Designers},
year = {2024},
isbn = {9798400703300},
publisher = {ACM},

url = {https://doi.org/10.1145/3613904.3642040},
doi = {10.1145/3613904.3642040},
booktitle = {Proceedings of the 2024 CHI Conference on Human Factors in Computing Systems},
articleno = {730},
numpages = {17},
location = {Honolulu, HI, USA},
series = {CHI '24}
}

@inproceedings{Chen:2024:dataanalogy,
author = {Chen, Qing and Shuai, Wei and Zhang, Jiyao and Sun, Zhida and Cao, Nan},
title = {Beyond Numbers: Creating Analogies to Enhance Data Comprehension and Communication with Generative AI},
year = {2024},
isbn = {9798400703300},
publisher = {ACM},

url = {https://doi.org/10.1145/3613904.3642480},
doi = {10.1145/3613904.3642480},
booktitle = {Proceedings of the 2024 CHI Conference on Human Factors in Computing Systems},
articleno = {377},
numpages = {14},
location = {Honolulu, HI, USA},
series = {CHI '24}
}

@inproceedings{Wan:2024:metamorpheus,
author = {Wan, Qian and Feng, Xin and Bei, Yining and Gao, Zhiqi and Lu, Zhicong},
title = {Metamorpheus: Interactive, Affective, and Creative Dream Narration Through Metaphorical Visual Storytelling},
year = {2024},
isbn = {9798400703300},
publisher = {ACM},

url = {https://doi.org/10.1145/3613904.3642410},
doi = {10.1145/3613904.3642410},
booktitle = {Proceedings of the 2024 CHI Conference on Human Factors in Computing Systems},
articleno = {166},
numpages = {16},
location = {Honolulu, HI, USA},
series = {CHI '24}
}

@inproceedings{Liu:2024:dreamingscaping,
author = {Liu, Sijia and Lc, Ray and Fu, Kexue and Wan, Qian and Liu, Pinyao and Holopainen, Jussi},
title = {Dreamscaping: Supporting Creativity By Drawing Inspiration from Dreams},
year = {2024},
isbn = {9798400704857},
publisher = {ACM},

url = {https://doi.org/10.1145/3635636.3660762},
doi = {10.1145/3635636.3660762},
booktitle = {Proceedings of the 16th Conference on Creativity \& Cognition},
pages = {93–99},
numpages = {7},
location = {Chicago, IL, USA},
series = {C&C '24}
}

%%%%%%%%%%%%%%%%%%%%%%%%%%%%%%%
%%%%%%%%%%%%%% related work第三部分，也支持我们工作是需要基于refenece 探索的相关工作：不探索会fixation，瞎探索又会浪费时间，处于迷茫。因此需要具有引导的探索 
%%%%%%%%%%%%%% 这部分有很多和设计学相关的理论知识
%%%%%%%%%% design 分为 coceptual 和 configuration
@article{Hubka:1992:engineeringdesign,
  title={Engineering design},
  author={Hubka, Vladimir and Eder, W Ernst},
  journal={Z\{\"u\}rich: Heurista},
  year={1992}
}

@article{Eckert:2000:sources,
  title={Sources of inspiration: a language of design},
  author={Eckert, Claudia and Stacey, Martin},
  journal={Design studies},
  volume={21},
  number={5},
  pages={523--538},
  year={2000},
  publisher={Elsevier}
}


@article{Shneiderman:2000:creating,
author = {Shneiderman, Ben},
title = {Creating creativity: user interfaces for supporting innovation},
year = {2000},
issue_date = {March 2000},
publisher = {ACM},

volume = {7},
number = {1},
issn = {1073-0516},
url = {https://doi.org/10.1145/344949.345077},
doi = {10.1145/344949.345077},
journal = {ACM Transaction Computer-Human Interaction},
month = {mar},
pages = {114–138},
numpages = {25},
}

%%%% fixation 1
@article{Goldschmidt:2011:avoidingfixation,
  title={Avoiding design fixation: transformation and abstraction in mapping from source to target},
  author={Goldschmidt, Gabriela},
  journal={The Journal of Creative Behavior},
  volume={45},
  number={2},
  pages={92--100},
  year={2011},
  publisher={Wiley Online Library}
}

%%%% fixation 2
@article{Jansson:1991:designfixation,
  title={Design Fixation},
  author={Jansson, David G and Smith, Steven M},
  journal={Design Studies},
  volume={12},
  number={1},
  pages={3--11},
  year={1991},
  publisher={Elsevier}
}


@inproceedings{Tohidi:designreight,
author = {Tohidi, Maryam and Buxton, William and Baecker, Ronald and Sellen, Abigail},
title = {Getting the right design and the design right},
year = {2006},
isbn = {1595933727},
publisher = {ACM},

url = {https://doi.org/10.1145/1124772.1124960},
doi = {10.1145/1124772.1124960},
booktitle = {Proceedings of the 2006 CHI Conference on Human Factors in Computing Systems},
pages = {1243–1252},
numpages = {10},
location = {Montr\'{e}al, Qu\'{e}bec, Canada},
series = {CHI '06}
}


%%%%%%%%%%%%%%  Mood Board
@article{Cassidy:2008:moodboards,
  title={Mood boards: Current practice in learning and teaching strategies and students' understanding of the process},
  author={Cassidy, Tracy Diane},
  journal={International journal of fashion design},
  volume={1},
  number={1},
  pages={43--54},
  year={2008},
  publisher={Taylor \& Francis}
}

@inproceedings{Peng:2024:designprompt,
author = {Peng, Xiaohan and Koch, Janin and Mackay, Wendy E.},
title = {DesignPrompt: Using Multimodal Interaction for Design Exploration with Generative AI},
year = {2024},
isbn = {9798400705830},
publisher = {ACM},

url = {https://doi.org/10.1145/3643834.3661588},
doi = {10.1145/3643834.3661588},
booktitle = {Proceedings of the 2024 ACM Designing Interactive Systems Conference},
pages = {804–818},
numpages = {15},
location = {Copenhagen, Denmark},
series = {DIS '24}
}

@article{Garner:2001:problem,
  title={Problem Interpretation and Resolution via Visual Stimuli: the Use of ‘Mood Boards’ in Design Education},
  author={Garner, Steve and McDonagh-Philp, Deana},
  journal={Journal of Art \& Design Education},
  volume={20},
  number={1},
  pages={57--64},
  year={2001},
  publisher={Wiley Online Library}
}


%%% visual exploration in large-scale data
@article{Feng:2024:promptmagician,
  author={Feng, Yingchaojie and Wang, Xingbo and Wong, Kam Kwai and Wang, Sijia and Lu, Yuhong and Zhu, Minfeng and Wang, Baicheng and Chen, Wei},
  journal={IEEE Transactions on Visualization and Computer Graphics}, 
  title={PromptMagician: Interactive Prompt Engineering for Text-to-Image Creation}, 
  year={2024},
  volume={30},
  number={1},
  pages={295-305},
  doi={10.1109/TVCG.2023.3327168}}

@inproceedings{Suh:2024:luminate,
author = {Suh, Sangho and Chen, Meng and Min, Bryan and Li, Toby Jia-Jun and Xia, Haijun},
title = {Luminate: Structured Generation and Exploration of Design Space with Large Language Models for Human-AI Co-Creation},
year = {2024},
isbn = {9798400703300},
publisher = {ACM},

url = {https://doi.org/10.1145/3613904.3642400},
doi = {10.1145/3613904.3642400},
booktitle = {Proceedings of the 2024 CHI Conference on Human Factors in Computing Systems},
articleno = {644},
numpages = {26},
location = {Honolulu, HI, USA},
series = {CHI '24}
}

@inproceedings{Liu:2022:opal,
author = {Liu, Vivian and Qiao, Han and Chilton, Lydia},
title = {Opal: Multimodal Image Generation for News Illustration},
year = {2022},
isbn = {9781450393201},
publisher = {ACM},

url = {https://doi.org/10.1145/3526113.3545621},
doi = {10.1145/3526113.3545621},
booktitle = {Proceedings of the 35th Annual ACM Symposium on User Interface Software and Technology},
articleno = {73},
numpages = {17},
location = {Bend, OR, USA},
series = {UIST '22}
}

%%%%%%%%%%%%%%%%%%%%%%%%%%%%%%%%%%%%%%%%%%%%%% Evaluation


%%% CSI
@article{Cherry:2014:csi,
author = {Cherry, Erin and Latulipe, Celine},
title = {Quantifying the Creativity Support of Digital Tools through the Creativity Support Index},
year = {2014},
publisher = {ACM},

volume = {21},
number = {4},
issn = {1073-0516},
url = {https://doi.org/10.1145/2617588},
doi = {10.1145/2617588},
journal = {ACM Transaction Computer-Human Interaction},
month = {Jun},
articleno = {21},
numpages = {25},
}

%%% NANS-TLX
@inproceedings{Hart:2006:nasa,
  title={NASA-task Load Index (NASA-TLX); 20 Years Later},
  author={Hart, Sandra G},
  booktitle={Proceedings of the Human Factors and Ergonomics Society Annual Meeting},
  volume={50},
  number={9},
  pages={904--908},
  year={2006},
  organization={Sage publications Sage CA: Los Angeles, CA}
}

%%%%%%%%%%%%%%%%%%%%%%%%%%%%%%%%%%%%%%%% 系统中使用的模型和参考的思想
@misc{Teamglm:2024:chatglm,
      title={ChatGLM: A Family of Large Language Models from GLM-130B to GLM-4 All Tools}, 
      author={Team GLM and Aohan Zeng and Bin Xu and Bowen Wang and Chenhui Zhang and Da Yin and Diego Rojas and Guanyu Feng and Hanlin Zhao and Hanyu Lai and Hao Yu and Hongning Wang and Jiadai Sun and Jiajie Zhang and Jiale Cheng and Jiayi Gui and Jie Tang and Jing Zhang and Juanzi Li and Lei Zhao and Lindong Wu and Lucen Zhong and Mingdao Liu and Minlie Huang and Peng Zhang and Qinkai Zheng and Rui Lu and Shuaiqi Duan and Shudan Zhang and Shulin Cao and Shuxun Yang and Weng Lam Tam and Wenyi Zhao and Xiao Liu and Xiao Xia and Xiaohan Zhang and Xiaotao Gu and Xin Lv and Xinghan Liu and Xinyi Liu and Xinyue Yang and Xixuan Song and Xunkai Zhang and Yifan An and Yifan Xu and Yilin Niu and Yuantao Yang and Yueyan Li and Yushi Bai and Yuxiao Dong and Zehan Qi and Zhaoyu Wang and Zhen Yang and Zhengxiao Du and Zhenyu Hou and Zihan Wang},
      year={2024},
      eprint={2406.12793},
      archivePrefix={arXiv},
      primaryClass={cs.CL}
}


%%%%%%%%%%   SAM
@inproceedings{Kirillov:2023:sam,
  author={Kirillov, Alexander and Mintun, Eric and Ravi, Nikhila and Mao, Hanzi and Rolland, Chloe and Gustafson, Laura and Xiao, Tete and Whitehead, Spencer and Berg, Alexander C. and Lo, Wan-Yen and Dollár, Piotr and Girshick, Ross},
  booktitle={2023 IEEE/CVF International Conference on Computer Vision (ICCV)}, 
  title={Segment Anything}, 
  year={2023},
  volume={},
  number={},
  pages={3992-4003},
  doi={10.1109/ICCV51070.2023.00371}}


%% VIT
@inproceedings{
Dosovitskiy:2021:vit,
title={An Image is Worth 16x16 Words: Transformers for Image Recognition at Scale},
author={Alexey Dosovitskiy and Lucas Beyer and Alexander Kolesnikov and Dirk Weissenborn and Xiaohua Zhai and Thomas Unterthiner and Mostafa Dehghani and Matthias Minderer and Georg Heigold and Sylvain Gelly and Jakob Uszkoreit and Neil Houlsby},
booktitle={International Conference on Learning Representations},
year={2021},
url={https://openreview.net/forum?id=YicbFdNTTy}
}

@misc{Liu:2019:roberta,
      title={RoBERTa: A Robustly Optimized BERT Pretraining Approach}, 
      author={Yinhan Liu and Myle Ott and Naman Goyal and Jingfei Du and Mandar Joshi and Danqi Chen and Omer Levy and Mike Lewis and Luke Zettlemoyer and Veselin Stoyanov},
        month = {July},
      year={2019},
      eid={arXiv:1907.11692},
      eprint={1907.11692},
      archivePrefix={arXiv},
      primaryClass={cs.CL},
}

% chineseclip
@misc{Yang:2023:chineseclip,
  title={Chinese Clip: Contrastive Vision-Language Pretraining in Chinese},
  author={Yang, An and Pan, Junshu and Lin, Junyang and Men, Rui and Zhang, Yichang and Zhou, Jingren and Zhou, Chang},
  year={2023},
  month={November},
  eid={arXiv:2211.01335},
  archivePrefix = {arXiv},
  eprint = {2211.01335},
   primaryClass = {cs.CV},
}

%%%%%%%%%%%%%%%%%%%%%%%%%%%%%%%%%%%%%%% Related Work in Discussion
%%%%%%%%%%%% Support Mixed-Users as a Creative Support Tool

@inproceedings{Yan:2022:flatmagic,
author = {Yan, Chuan and Chung, John Joon Young and Kiheon, Yoon and Gingold, Yotam and Adar, Eytan and Hong, Sungsoo Ray},
title = {FlatMagic: Improving Flat Colorization through AI-driven Design for Digital Comic Professionals},
year = {2022},
isbn = {9781450391573},
publisher = {ACM},

url = {https://doi.org/10.1145/3491102.3502075},
doi = {10.1145/3491102.3502075},
booktitle = {Proceedings of the 2022 CHI Conference on Human Factors in Computing Systems},
articleno = {380},
numpages = {17},
location = {New Orleans, LA, USA},
series = {CHI '22}
}

@inproceedings{Yan:2023:xcreation,
author = {Yan, Zihan and Yang, Chunxu and Liang, Qihao and Chen, Xiang 'Anthony'},
title = {XCreation: A Graph-based Crossmodal Generative Creativity Support Tool},
year = {2023},
isbn = {9798400701320},
publisher = {ACM},

url = {https://doi.org/10.1145/3586183.3606826},
doi = {10.1145/3586183.3606826},
booktitle = {Proceedings of the 36th Annual ACM Symposium on User Interface Software and Technology},
articleno = {48},
numpages = {15},
location = {San Francisco, CA, USA},
series = {UIST '23}
}


@inproceedings{Zhou:2023:filtererink,
author = {Zhou, Tongyu and Liu, Connie and Yang, Joshua Kong and Huang, Jeff},
title = {filtered.ink: Creating Dynamic Illustrations with SVG Filters},
year = {2023},
isbn = {9781450394215},
publisher = {ACM},

url = {https://doi.org/10.1145/3544548.3581051},
doi = {10.1145/3544548.3581051},
booktitle = {Proceedings of the 2023 CHI Conference on Human Factors in Computing Systems},
articleno = {129},
numpages = {15},
location = {Hamburg, Germany},
series = {CHI '23}
}

Also the system :TypeDance, CreativeConnect, 

%%%%%%%%%%%%%%%%%%%%%%%%%%%%%%%%%%%%%%%%%% GenAI with culture and art

@article{Messer:2024:cocreating,
title = {Co-creating Art with Generative Artificial Intelligence: Implications for Artworks and Artists},
journal = {Computers in Human Behavior: Artificial Humans},
volume = {2},
number = {1},
pages = {100056},
year = {2024},
issn = {2949-8821},
doi = {https://doi.org/10.1016/j.chbah.2024.100056},
url = {https://www.sciencedirect.com/science/article/pii/S2949882124000161},
author = {Uwe Messer},
}


@article{Garcia:2024:paradox,
author = {Manuel B. Garcia},
title = {The Paradox of Artificial Creativity: Challenges and Opportunities of Generative AI Artistry},
journal = {Creativity Research Journal},
volume = {0},
number = {0},
pages = {1--14},
year = {2024},
publisher = {Routledge},
doi = {10.1080/10400419.2024.2354622},
}

@inproceedings{Koch:2019:mayai,
author = {Koch, Janin and Lucero, Andr\'{e}s and Hegemann, Lena and Oulasvirta, Antti},
title = {May AI? Design Ideation with Cooperative Contextual Bandits},
year = {2019},
isbn = {9781450359702},
publisher = {ACM},
url = {https://doi.org/10.1145/3290605.3300863},
doi = {10.1145/3290605.3300863},
booktitle = {Proceedings of the 2019 CHI Conference on Human Factors in Computing Systems},
pages = {1–12},
numpages = {12},
keywords = {mood board design, interactive machine-learning, ideation support, creativity support tools},
location = {Glasgow, Scotland Uk},
series = {CHI '19}
}

@inproceedings{Chung:2023:artinter,
author = {Chung, John Joon Young and Adar, Eytan},
title = {Artinter: AI-powered Boundary Objects for Commissioning Visual Arts},
year = {2023},
isbn = {9781450398930},
publisher = {ACM},
url = {https://doi.org/10.1145/3563657.3595961},
doi = {10.1145/3563657.3595961},
booktitle = {Proceedings of the 2023 ACM Designing Interactive Systems Conference},
pages = {1997–2018},
numpages = {22},
location = {Pittsburgh, PA, USA},
series = {DIS '23}
}

@inproceedings{Koch:2020:semanticcollage,
author = {Koch, Janin and Taffin, Nicolas and Lucero, Andr\'{e}s and Mackay, Wendy E.},
title = {SemanticCollage: Enriching Digital Mood Board Design with Semantic Labels},
year = {2020},
isbn = {9781450369749},
publisher = {ACM},
url = {https://doi.org/10.1145/3357236.3395494},
doi = {10.1145/3357236.3395494},
booktitle = {Proceedings of the 2020 ACM Designing Interactive Systems Conference},
pages = {407–418},
numpages = {12},
location = {Eindhoven, Netherlands},
series = {DIS '20}
}


%%%%%%%%%%%%%%%%%%%%%%%%%%%%%%%%%%%%%%%%%%%%%%%%%%%%%%%%%%%%%%%%%%%%%%%%%%%%%%%%%%%%%%%%%%%%%%%%%%%%%%%%%%%%%%%%%%%%%%%%%%%%%%%%%
%%%%%%%%%%%%%%%%%%%%%%%%%%%% Revision and Resubmission 

%%%%%%%%%%%%%%%%%%%% 1. Introduction
@book{Zhang:2000:internationalpapaercut,
    author = {Zhang, Fenggao},
    title = {Paper-cutting Arts in China and Abroad},
    publisher ={Liaoning Art Press} ,
    year = {2000},
 isbn={978-7-5314-2437-6},
   address={Shenyang, Liaoning, China},
}

@article{Shu:2023:cross-culturalpapercut,
  title={Cross-cultural Communication and Cognition of Traditional Handicraft Paper-cutting in Art Anthropology Education},
  author={Shu, Dong},
  journal={Arts Educa},
  volume={37},
  year={2023}
}



%%%%%%%%%%%%%%%%%%%% 2. Background and Related Work
@article{Duvsek:2020:end-to-end,
  title={Evaluating the State-of-the-art of End-to-end Natural Language Generation: The E2E NLG Challenge},
  author={Du{\v{s}}ek, Ond{\v{r}}ej and Novikova, Jekaterina and Rieser, Verena},
  journal={Computer Speech \& Language},
  volume={59},
  pages={123--156},
  year={2020},
  publisher={Elsevier}
}


@article{Samuelson:2023:copyright,
  title={Generative AI Meets Copyright},
  author={Samuelson, Pamela},
  journal={Science},
  volume={381},
  number={6654},
  pages={158--161},
  year={2023},
  publisher={American Association for the Advancement of Science}
}

@misc{Zhou:2024:biasgenerativeai,
      title={Bias in Generative AI}, 
      author={Mi Zhou and Vibhanshu Abhishek and Timothy Derdenger and Jaymo Kim and Kannan Srinivasan},
      year={2024},
      eid={arXiv:2403.02726},
      eprint={2403.02726},
      archivePrefix={arXiv},
      primaryClass={econ.GN},
      month={March},
}

%%%%%%%%%%%%%%%%%%%% 3. Formative Study

%%%%%%%%%%%%% Findings
@article{Zhang:2021:papercuttingteaching,
  title={Exploration of the Practical Teaching of the Artistic Thinking of Paper-cutting and the Basic Course of Formation},
  author={Aili, Zhang},
  journal={Higher Education and Oriental Studies},
  volume={1},
  number={4},
  year={2021}
}


% 怎样剪纸
@book{Lin:1974:howtopapercutting,
    author = {Lin, Ximing},
    title = {How to Perform Paper-cutting},
    publisher = {Shanghai People Publishing House},
    year = {1974},
}

% 谈剪纸创作
@book{Zhang:1982:discusspapaercut,
    author = {Zhang,Fenggao},
    title = {On Paper-cutting Creation},
    publisher = {Shanxi People's Publishing House},
    year = {1982},
    address={Taiyuan, Shanxi, China}
}

% 单色剪纸制作
@book{Li:1998:monopapercutting,
    author ={Li, Hongjun},
    title = {Monochromatic Paper-cutting Production},
    publisher = {People's Fine Arts Publishing House},
    year = {1998},
    isbn={7-102-01799-5},
    address={Beijing, China},
}

%中国传统纹样与现代装饰艺术设计
@book{Li:2011:PatternandDesign,
    author = {Li, Na},
    title = {Chinese Traditional Pattern and Modern Art Decorative Design},
    publisher = {Baihua Literature and Art Publishing House},
    year = {2011},
    address={Beijing, China},
    isbn={978-7-5306-5723-2}
}

@article{Weisberg:1999:creativityandknowledge,
  title={Creativity and Knowledge: A Challenge to Theories},
  author={Weisberg, Robert W.},
  journal={Handbook of Creativity},
  pages={226--250},
  year={1999},
  publisher={Cambridge University Press}
}

@book{Bloom:1985:knowledgecreative,
  title={Developing Talent in Young People},
  author={Bloom, Benjamin},
  year={1985},
  publisher={BoD--Books on Demand},
}

@article{Ericsson:1994:knowledgecreative,
  title={The Role of Deliberate Practice in Expert Performance},
  author={Ericsson, KA and KRAMPE, R Th and TESCH-R{\"O}MER, C},
  journal={Psychological Review},
  pages={363--406},
  year={1994}
}

@article{Gardner:1993:knowledgecreative,
  title={Creating Minds: An Anatomy of Creativity Seen through the Lives of Freud, Einstein, Picasso, Stravinsky, Eliot, Graham, and Gandhi.},
  author={Gardner, Howard},
  year={1993},
  publisher={Basic Books}
}
%%%%%%%%%%%%%%%%%%%%% 4. Content Analysis

% 中国人文地理综合区划
@article{Fang:2017:chinahumangeo,
  title={Comprehensive Regionalization of Human Geography in China},
  author={Fang, Chuanglin and Liu, Haimeng and Luo, Kui and Yu, Xiaohua},
  journal={ACTA GEOGRAPHICA SINICA},
  volume={72},
  number={2},
  year={2017}
}

@article{Nickerson:2013:Taxonomymethod,
author = {Robert C Nickerson, Upkar Varshney and Jan Muntermann},
title = {A Method for Taxonomy Development and Its Application in Information Systems},
journal = {European Journal of Information Systems},
volume = {22},
number = {3},
pages = {336-359},
year = {2013},
publisher = {Taylor \& Francis},
doi = {10.1057/ejis.2012.26},
}

@book{Husserl:1975:Experience,
  title={Experience and judgment},
  author={Husserl, Edmund},
  year={1975},
  publisher={Northwestern University press}
}

@article{Husserl:1964:Idea,
  title={The Idea of Phenomenology},
  author={Husserl, Edmund},
  journal={Martinus Nijhoff},
  year={1964}
}

@book{Saussure:1916:Semiotics,
    author = {Ferdinand de Saussure; Roy Harris},
    title = {Course in General Linguistics},
    publisher = {Open Court},
    year = {1998},
    isbn={9780812690231},
}

% 从符号学角度解析中国民间剪纸艺术
@mastersthesis{Cao:2009:Semiotics,
    author = {Cao, Youyun},
    title = {Explaining the Art of Chinese Paper-cutting from the Angle of Semiotics},
    school = {Jiangnan University},
    year = {2009},
    month={March},
}

%解读民俗剪纸中的符号化纹样
@article{Liang:2011:Symbolpattern,
  title={Symbolic Patterns of Folkloric Paper-cutting},
  author={Liang, Huie and Liu,Jiaojiao},
  journal={Hundred Schools in Arts},
  volume={27},
  number={A01},
  pages={165--168},
  year={2011}
}

%中国传统几何形纹样装饰特征流变研究
@mastersthesis{Chen:2006:Geometrypattern,
    author = {Chen, Yu},
    title ={The Evolution Research of the Decoration Characteristics of the Chinese Traditional Geometry Shape Emblazonment},
    school ={Henan University},
    year ={2006},
    month={May},
}

%中国纹样史
@book{Tian:2003:Historypattern,
    author ={Tian, Zibing and Wu, Shusheng and Tian, Qing},
    title = {History of Chinese Patterns},
    publisher = {Higher Education Press},
    year = {2003},
    isbn={978-7-04-013542-8},
    address={Beijing, China},
}

%中国传统纹样
@book{Hu:2021:Traditionalpattern,
    author ={Hu, Xinrui and Zhang, Qing and Zhao, Xueyu and Zhang, Yan},
    title = {Chinese Traditional Pattern},
    publisher = {Huazhong University of Science \& Technology Press},
    address={Wuhan, Hubei, China},
    year = {2021},
    isbn={978-7-5680-7675-3},
}

%中国纹样辞典
% 单独纹样， 单元纹样， 边饰纹样
@book{Zhuge:1998:patterndictionary,
    author ={Zhuge, Kai and Guo, Lianfu and Ding, Tao},
    title ={Chinese Pattern Dictionary},
    publisher ={Tianjin Education Publishing House},
    year ={1998},
    address={Tianjin, China},
    isbn={978-7-5309-2783-0},
}

%%%%%%%%%%%%%%%%%%%%% 5 System
@article{Fulton:2000:usagescenario,
title = {Scenario Building as an Ergonomics Method in Consumer Product Design},
journal = {Applied Ergonomics},
volume = {31},
number = {2},
pages = {151-157},
year = {2000},
issn = {0003-6870},
doi = {https://doi.org/10.1016/S0003-6870(99)00035-6},
url = {https://www.sciencedirect.com/science/article/pii/S0003687099000356},
author = {Jane {Fulton Suri} and Matthew Marsh},
}

@book{Kraft:2012:usagescenario,
  title={User Experience Innovation: User-centered Design that Works},
  author={Kraft, Christian},
  year={2012},
  publisher={Springer},
  isbn={978-0-321-68368-7}
}



%%%%%%%%%%%%%%%%%%%%% 6. Evaluation

%%%% new generation to ICH
@inproceedings{Mancacaritadipura:2009:newgeneration,
  title={Building Public Awareness, Particularly among the Youth, Regarding ICH Safeguarding},
  author={Mancacaritadipura, Gaura},
  booktitle={International conference on the safeguarding of intangible cultural heritage: How to apply information and networking, 3--4 November 2009, Seoul},
  pages={69--82},
  year={2009}
}

@article{Affleck:2008:newgeneration,
  title={A Virtual Community as the Context for Discursive Interpretation: A Role in Cultural Heritage Engagement},
  author={Affleck, Janice and Kvan, Thomas},
  journal={International Journal of Heritage Studies},
  volume={14},
  number={3},
  pages={268--280},
  year={2008},
  publisher={Taylor \& Francis}
}

@article{Okada:2017:imitation,
  title={Imitation, Inspiration, and Creation: Cognitive Process of Creative Drawing by Copying Others' Artworks},
  author={Okada, Takeshi and Ishibashi, Kentaro},
  journal={Cognitive Science},
  volume={41},
  number={7},
  pages={1804--1837},
  year={2017},
  publisher={Wiley Online Library}
}
%%%%%%%%%%%%%%%%%%%%% 7. Discussion

@inproceedings{Bianchi:2023:stereotype,
author = {Bianchi, Federico and Kalluri, Pratyusha and Durmus, Esin and Ladhak, Faisal and Cheng, Myra and Nozza, Debora and Hashimoto, Tatsunori and Jurafsky, Dan and Zou, James and Caliskan, Aylin},
title = {Easily Accessible Text-to-Image Generation Amplifies Demographic Stereotypes at Large Scale},
year = {2023},
isbn = {9798400701924},
publisher = {ACM},
doi = {10.1145/3593013.3594095},
booktitle = {Proceedings of the 2023 ACM Conference on Fairness, Accountability, and Transparency},
pages = {1493–1504},
numpages = {12},
location = {Chicago, IL, USA},
series = {FAccT '23}
}



