@inproceedingse{CARRADADC,
	author = {A. Ouaknine and A. Newson and J. Rebut and F. Tupin and P. Perez},
	booktitle = {2020 25th International Conference on Pattern Recognition (ICPR)},
	title = {CARRADA Dataset: Camera and Automotive Radar with Range- Angle- Doppler Annotations},
	year = {2021},
	volume = {},
	issn = {1051-4651},
	pages = {5068-5075},
	doi = {10.1109/ICPR48806.2021.9413181},
	publisher = {IEEE Computer Society},
	address = {Los Alamitos, CA, USA},
}

@article{RADDet,
	author={Zhang, Ao and Nowruzi, Farzan Erlik and Laganiere, Robert},
	booktitle={2021 18th Conference on Robots and Vision (CRV)}, 
	title={RADDet: Range-Azimuth-Doppler based Radar Object Detection for Dynamic Road Users}, 
	year={2021},
	volume={},
	number={},
	pages={95-102},
	doi={10.1109/CRV52889.2021.00021}
}

@inproceedings{RADIATE,
	author = {Sheeny, Marcel and De Pellegrin, Emanuele and Mukherjee, Saptarshi and Ahrabian, Alireza and Wang, Sen and Wallace, Andrew},
	title = {RADIATE: A Radar Dataset for Automotive Perception in Bad Weather},
	year = {2021},
	publisher = {IEEE Press},
	doi = {10.1109/ICRA48506.2021.9562089},
	pages = {1–7},
	numpages = {7},
	location = {Xi'an, China}
}

@article{astyx,
	author={Meyer, Michael and Kuschk, Georg},
	booktitle={2019 16th European Radar Conference (EuRAD)}, 
	title={Automotive Radar Dataset for Deep Learning Based 3D Object Detection}, 
	year={2019},
	volume={},
	number={},
	pages={129-132},
	keywords={3D object detection;deep learning;dataset;multi sensor fusion;radar},
}

@article{bevfusion,
	title={Bevfusion: Multi-task multi-sensor fusion with unified bird's-eye view representation},
	author={Liu, Zhijian and Tang, Haotian and Amini, Alexander and Yang, Xinyu and Mao, Huizi and Rus, Daniela L and Han, Song},
	booktitle={2023 IEEE international conference on robotics and automation (ICRA)},
	pages={2774--2781},
	year={2023},
	organization={IEEE}
}

@article{centerfusion,
	author = {R. Nabati and H. Qi},
	booktitle = {2021 IEEE Winter Conference on Applications of Computer Vision (WACV)},
	title = {CenterFusion: Center-based Radar and Camera Fusion for 3D Object Detection},
	year = {2021},
	volume = {},
	issn = {},
	pages = {1526-1535},
	doi = {10.1109/WACV48630.2021.00157},
	publisher = {IEEE Computer Society},
	address = {Los Alamitos, CA, USA},
}

@article{dpft,
	title={DPFT: Dual Perspective Fusion Transformer for Camera-Radar-based Object Detection}, 
	author={Felix Fent and Andras Palffy and Holger Caesar},
	journal={arXiv preprint arXiv:2404.03015},
	year={2024}
}

@article{echofusion,
	title={Echoes Beyond Points: Unleashing the Power of Raw Radar Data in Multi-modality Fusion},
	author={Yang Liu and Feng Wang and Naiyan Wang and Zhaoxiang Zhang},
	booktitle={Thirty-seventh Conference on Neural Information Processing Systems},
	year={2023}
}

@article{k-radar,
	title={K-radar: 4d radar object detection for autonomous driving in various weather conditions},
	author={Paek, Dong-Hee and Kong, Seung-Hyun and Wijaya, Kevin Tirta},
	journal={Advances in Neural Information Processing Systems},
	volume={35},
	pages={3819--3829},
	year={2022}
}

@article{lxl,
	title={LXL: LiDAR Excluded Lean 3D Object Detection With 4D Imaging Radar and Camera Fusion},
	volume={9},
	ISSN={2379-8858},
	DOI={10.1109/tiv.2023.3321240},
	number={1},
	journal={IEEE Transactions on Intelligent Vehicles},
	publisher={Institute of Electrical and Electronics Engineers (IEEE)},
	author={Xiong, Weiyi and Liu, Jianan and Huang, Tao and Han, Qing-Long and Xia, Yuxuan and Zhu, Bing},
	year={2024},
	pages={79–92} 
}

@article{nuscenes,
	author = {H. Caesar and V. Bankiti and A. H. Lang and S. Vora and V. Liong and Q. Xu and A. Krishnan and Y. Pan and G. Baldan and O. Beijbom},
	booktitle = {2020 IEEE/CVF Conference on Computer Vision and Pattern Recognition (CVPR)},
	title = {nuScenes: A Multimodal Dataset for Autonomous Driving},
	year = {2020},
	volume = {},
	issn = {},
	pages = {11618-11628},
	doi = {10.1109/CVPR42600.2020.01164},
	publisher = {IEEE Computer Society},
	address = {Los Alamitos, CA, USA},
}

@dataset{radar_scenes,
	author={Schumann, Ole and Hahn, Markus and Scheiner, Nicolas and Weishaupt, Fabio and Tilly, Julius F. and Dickmann, Jürgen and Wöhler, Christian},
	booktitle={2021 IEEE 24th International Conference on Information Fusion (FUSION)}, 
	title={RadarScenes: A Real-World Radar Point Cloud Data Set for Automotive Applications}, 
	year={2021},
	volume={},
	number={},
	pages={1-8},
	doi={10.23919/FUSION49465.2021.9627037}
}

@article{rcbevdet,
	author    = {Lin, Zhiwei and Liu, Zhe and Xia, Zhongyu and Wang, Xinhao and Wang, Yongtao and Qi, Shengxiang and Dong, Yang and Dong, Nan and Zhang, Le and Zhu, Ce},
	title     = {RCBEVDet: Radar-camera Fusion in Bird's Eye View for 3D Object Detection},
	booktitle = {Proceedings of the IEEE/CVF Conference on Computer Vision and Pattern Recognition (CVPR)},
	month     = {June},
	year      = {2024},
	pages     = {14928-14937}
}

@article{rcfusion,
	author={Zheng, Lianqing and Li, Sen and Tan, Bin and Yang, Long and Chen, Sihan and Huang, Libo and Bai, Jie and Zhu, Xichan and Ma, Zhixiong},
	journal={IEEE Transactions on Instrumentation and Measurement}, 
	title={RCFusion: Fusing 4-D Radar and Camera With Bird’s-Eye View Features for 3-D Object Detection}, 
	year={2023},
	volume={72},
	number={},
	pages={1-14},
	doi={10.1109/TIM.2023.3280525}}

@article{texas,
	title={The fundamentals of millimeter wave radar sensors}, 
	author={Cesar Iovescu and Sandeep Rao},
	year={2021},
	pages={1-9},
}

@article{vod,
	author={Palffy, Andras and Pool, Ewoud and Baratam, Srimannarayana and Kooij, Julian F. P. and Gavrila, Dariu M.},
	journal={IEEE Robotics and Automation Letters}, 
	title={Multi-Class Road User Detection With 3+1D Radar in the View-of-Delft Dataset}, 
	year={2022},
	volume={7},
	number={2},
	pages={4961-4968},
	doi={10.1109/LRA.2022.3147324}
}

@article{zendar,
	author={Mostajabi, Mohammadreza and Wang, Ching Ming and Ranjan, Darsh and Hsyu, Gilbert},
	booktitle={2020 IEEE/CVF Conference on Computer Vision and Pattern Recognition Workshops (CVPRW)}, 
	title={High Resolution Radar Dataset for Semi-Supervised Learning of Dynamic Objects}, 
	year={2020},
	volume={},
	number={},
	pages={450-457},
	doi={10.1109/CVPRW50498.2020.00058}
}

