@article{4dsurvey,
	author={Fan, Lili and Wang, Junhao and Chang, Yuanmeng and Li, Yuke and Wang, Yutong and Cao, Dongpu},
	journal={IEEE Transactions on Intelligent Vehicles}, 
	title={4D mmWave Radar for Autonomous Driving Perception: A Comprehensive Survey}, 
	year={2024},
	volume={9},
	number={4},
	pages={4606-4620},
	doi={10.1109/TIV.2024.3380244}
}

@article{texas,
	title={The fundamentals of millimeter wave radar sensors}, 
	author={Cesar Iovescu and Sandeep Rao},
	year={2021},
	pages={1-9},
}


@article{sls,
	author={Yang, Hang and Wang, Junfeng},
	booktitle={IGARSS 2022 - 2022 IEEE International Geoscience and Remote Sensing Symposium}, 
	title={Sidelobe Suppression of SAR Images by Spectrum Shaping}, 
	year={2022},
	volume={},
	number={},
	pages={1668-1671},
	doi={10.1109/IGARSS46834.2022.9884635}
}


@article{cfar,
	author={Rohling, Hermann},
	journal={IEEE Transactions on Aerospace and Electronic Systems}, 
	title={Radar CFAR Thresholding in Clutter and Multiple Target Situations}, 
	year={1983},
	volume={AES-19},
	number={4},
	pages={608-621},
	doi={10.1109/TAES.1983.309350}
}


@article{resnet,
	author={He, Kaiming and Zhang, Xiangyu and Ren, Shaoqing and Sun, Jian},
	booktitle={2016 IEEE Conference on Computer Vision and Pattern Recognition (CVPR)}, 
	title={Deep Residual Learning for Image Recognition}, 
	year={2016},
	volume={},
	number={},
	pages={770-778},
	keywords={Training;Degradation;Complexity theory;Image recognition;Neural networks;Visualization;Image segmentation},
	doi={10.1109/CVPR.2016.90}
}

@article{fpn,
	author={Lin, Tsung-Yi and Dollár, Piotr and Girshick, Ross and He, Kaiming and Hariharan, Bharath and Belongie, Serge},
	booktitle={2017 IEEE Conference on Computer Vision and Pattern Recognition (CVPR)}, 
	title={Feature Pyramid Networks for Object Detection}, 
	year={2017},
	volume={},
	number={},
	pages={936-944},
	keywords={Feature extraction;Detectors;Semantics;Computer architecture;Proposals;Object detection;Robustness},
	doi={10.1109/CVPR.2017.106}
}

@article{rgbd_survey,
	title={A survey on RGB-D datasets},
	volume={222},
	ISSN={1077-3142},
	DOI={10.1016/j.cviu.2022.103489},
	journal={Computer Vision and Image Understanding},
	publisher={Elsevier BV},
	author={Lopes, Alexandre and Souza, Roberto and Pedrini, Helio},
	year={2022},
	pages={103489} 
}

@article{3drimr,
	author={Sun, Yue and Huang, Zhuoming and Zhang, Honggang and Cao, Zhi and Xu, Deqiang},
	booktitle={2021 IEEE International Performance, Computing, and Communications Conference (IPCCC)}, 
	title={3DRIMR: 3D Reconstruction and Imaging via mmWave Radar based on Deep Learning}, 
	year={2021},
	volume={},
	number={},
	pages={1-8},
	doi={10.1109/IPCCC51483.2021.9679394}
}

@article{r2p,
	title={R2P: A Deep Learning Model from mmWave Radar to Point Cloud}, 
	author={Yue Sun and Honggang Zhang and Zhuoming Huang and Benyuan Liu},
	year={2022},
	publisher = {Springer-Verlag},
	doi = {10.1007/978-3-031-15919-0_28},
	booktitle = {Artificial Neural Networks and Machine Learning ICANN 2022: 31st International Conference on Artificial Neural Networks, Bristol, UK, September 6–9, 2022, Proceedings, Part I},
	pages = {329–341}
}

@article{multi-obj,
	author = {Y. Sun and Z. Huang and H. Zhang and X. Liang},
	booktitle = {2022 IEEE 19th International Conference on Mobile Ad Hoc and Smart Systems (MASS)},
	title = {3D Reconstruction of Multiple Objects by mmWave Radar on UAV},
	year = {2022},
	volume = {},
	issn = {},
	pages = {491-495},
	doi = {10.1109/MASS56207.2022.00075},
	publisher = {IEEE Computer Society},
	address = {Los Alamitos, CA, USA},
}

@article{nuscenes,
	author = {H. Caesar and V. Bankiti and A. H. Lang and S. Vora and V. Liong and Q. Xu and A. Krishnan and Y. Pan and G. Baldan and O. Beijbom},
	booktitle = {2020 IEEE/CVF Conference on Computer Vision and Pattern Recognition (CVPR)},
	title = {nuScenes: A Multimodal Dataset for Autonomous Driving},
	year = {2020},
	volume = {},
	issn = {},
	pages = {11618-11628},
	doi = {10.1109/CVPR42600.2020.01164},
	publisher = {IEEE Computer Society},
	address = {Los Alamitos, CA, USA},
}


@article{RADDet,
	author={Zhang, Ao and Nowruzi, Farzan Erlik and Laganiere, Robert},
	booktitle={2021 18th Conference on Robots and Vision (CRV)}, 
	title={RADDet: Range-Azimuth-Doppler based Radar Object Detection for Dynamic Road Users}, 
	year={2021},
	volume={},
	number={},
	pages={95-102},
	doi={10.1109/CRV52889.2021.00021}
}


@article{zendar,
	author={Mostajabi, Mohammadreza and Wang, Ching Ming and Ranjan, Darsh and Hsyu, Gilbert},
	booktitle={2020 IEEE/CVF Conference on Computer Vision and Pattern Recognition Workshops (CVPRW)}, 
	title={High Resolution Radar Dataset for Semi-Supervised Learning of Dynamic Objects}, 
	year={2020},
	volume={},
	number={},
	pages={450-457},
	doi={10.1109/CVPRW50498.2020.00058}
}


@inproceedingse{CARRADADC,
	author = {A. Ouaknine and A. Newson and J. Rebut and F. Tupin and P. Perez},
	booktitle = {2020 25th International Conference on Pattern Recognition (ICPR)},
	title = {CARRADA Dataset: Camera and Automotive Radar with Range- Angle- Doppler Annotations},
	year = {2021},
	volume = {},
	issn = {1051-4651},
	pages = {5068-5075},
	doi = {10.1109/ICPR48806.2021.9413181},
	publisher = {IEEE Computer Society},
	address = {Los Alamitos, CA, USA},
}

@inproceedings{RADIATE,
	author = {Sheeny, Marcel and De Pellegrin, Emanuele and Mukherjee, Saptarshi and Ahrabian, Alireza and Wang, Sen and Wallace, Andrew},
	title = {RADIATE: A Radar Dataset for Automotive Perception in Bad Weather},
	year = {2021},
	publisher = {IEEE Press},
	doi = {10.1109/ICRA48506.2021.9562089},
	pages = {1–7},
	numpages = {7},
	location = {Xi'an, China}
}



@article{vod,
	author={Palffy, Andras and Pool, Ewoud and Baratam, Srimannarayana and Kooij, Julian F. P. and Gavrila, Dariu M.},
	journal={IEEE Robotics and Automation Letters}, 
	title={Multi-Class Road User Detection With 3+1D Radar in the View-of-Delft Dataset}, 
	year={2022},
	volume={7},
	number={2},
	pages={4961-4968},
	doi={10.1109/LRA.2022.3147324}
}


@dataset{radar_scenes,
	author={Schumann, Ole and Hahn, Markus and Scheiner, Nicolas and Weishaupt, Fabio and Tilly, Julius F. and Dickmann, Jürgen and Wöhler, Christian},
	booktitle={2021 IEEE 24th International Conference on Information Fusion (FUSION)}, 
	title={RadarScenes: A Real-World Radar Point Cloud Data Set for Automotive Applications}, 
	year={2021},
	volume={},
	number={},
	pages={1-8},
	doi={10.23919/FUSION49465.2021.9627037}
}

@article{astyx,
	author={Meyer, Michael and Kuschk, Georg},
	booktitle={2019 16th European Radar Conference (EuRAD)}, 
	title={Automotive Radar Dataset for Deep Learning Based 3D Object Detection}, 
	year={2019},
	volume={},
	number={},
	pages={129-132},
	keywords={3D object detection;deep learning;dataset;multi sensor fusion;radar},
}

@article{k-radar,
	title={K-radar: 4d radar object detection for autonomous driving in various weather conditions},
	author={Paek, Dong-Hee and Kong, Seung-Hyun and Wijaya, Kevin Tirta},
	journal={Advances in Neural Information Processing Systems},
	volume={35},
	pages={3819--3829},
	year={2022}
}

@article{dpft,
	title={DPFT: Dual Perspective Fusion Transformer for Camera-Radar-based Object Detection}, 
	author={Felix Fent and Andras Palffy and Holger Caesar},
	journal={arXiv preprint arXiv:2404.03015},
	year={2024}
}

@article{echofusion,
	title={Echoes Beyond Points: Unleashing the Power of Raw Radar Data in Multi-modality Fusion},
	author={Yang Liu and Feng Wang and Naiyan Wang and Zhaoxiang Zhang},
	booktitle={Thirty-seventh Conference on Neural Information Processing Systems},
	year={2023}
}

@inproceedings{polarformer,
	author = {Jiang, Yanqin and Zhang, Li and Miao, Zhenwei and Zhu, Xiatian and Gao, Jin and Hu, Weimin and Jiang, Yu-Gang},
	title = {PolarFormer: multi-camera 3D object detection with polar transformer},
	year = {2023},
	publisher = {AAAI Press},
	booktitle={AAAI},
	doi = {10.1609/aaai.v37i1.25185},
	articleno = {116},
	numpages = {9},
	series = {AAAI'23/IAAI'23/EAAI'23}
}


@article{exploringradardatarepresentations,
	title={Exploring Radar Data Representations in Autonomous Driving: A Comprehensive Review}, 
	author={Shanliang Yao and Runwei Guan and Zitian Peng and Chenhang Xu and Yilu Shi and Weiping Ding and Eng Gee Lim and Yong Yue and Hyungjoon Seo and Ka Lok Man and Jieming Ma and Xiaohui Zhu and Yutao Yue},
	year={2024},
	eprint={2312.04861},
	archivePrefix={arXiv},
	primaryClass={cs.CV},
	url={https://arxiv.org/abs/2312.04861}, 
}

@article{centerfusion,
	author = {R. Nabati and H. Qi},
	booktitle = {2021 IEEE Winter Conference on Applications of Computer Vision (WACV)},
	title = {CenterFusion: Center-based Radar and Camera Fusion for 3D Object Detection},
	year = {2021},
	volume = {},
	issn = {},
	pages = {1526-1535},
	doi = {10.1109/WACV48630.2021.00157},
	publisher = {IEEE Computer Society},
	address = {Los Alamitos, CA, USA},
}



@article{rcbevdet,
	author    = {Lin, Zhiwei and Liu, Zhe and Xia, Zhongyu and Wang, Xinhao and Wang, Yongtao and Qi, Shengxiang and Dong, Yang and Dong, Nan and Zhang, Le and Zhu, Ce},
	title     = {RCBEVDet: Radar-camera Fusion in Bird's Eye View for 3D Object Detection},
	booktitle = {Proceedings of the IEEE/CVF Conference on Computer Vision and Pattern Recognition (CVPR)},
	month     = {June},
	year      = {2024},
	pages     = {14928-14937}
}



@article{bevfusion,
	title={Bevfusion: Multi-task multi-sensor fusion with unified bird's-eye view representation},
	author={Liu, Zhijian and Tang, Haotian and Amini, Alexander and Yang, Xinyu and Mao, Huizi and Rus, Daniela L and Han, Song},
	booktitle={2023 IEEE international conference on robotics and automation (ICRA)},
	pages={2774--2781},
	year={2023},
	organization={IEEE}
}


@article{lxl,
	title={LXL: LiDAR Excluded Lean 3D Object Detection With 4D Imaging Radar and Camera Fusion},
	volume={9},
	ISSN={2379-8858},
	DOI={10.1109/tiv.2023.3321240},
	number={1},
	journal={IEEE Transactions on Intelligent Vehicles},
	publisher={Institute of Electrical and Electronics Engineers (IEEE)},
	author={Xiong, Weiyi and Liu, Jianan and Huang, Tao and Han, Qing-Long and Xia, Yuxuan and Zhu, Bing},
	year={2024},
	pages={79–92} 
}

@article{rcfusion,
	author={Zheng, Lianqing and Li, Sen and Tan, Bin and Yang, Long and Chen, Sihan and Huang, Libo and Bai, Jie and Zhu, Xichan and Ma, Zhixiong},
	journal={IEEE Transactions on Instrumentation and Measurement}, 
	title={RCFusion: Fusing 4-D Radar and Camera With Bird’s-Eye View Features for 3-D Object Detection}, 
	year={2023},
	volume={72},
	number={},
	pages={1-14},
	doi={10.1109/TIM.2023.3280525}}

@article{smiformer,
	AUTHOR = {Shi, Weigang and Zhu, Ziming and Zhang, Kezhi and Chen, Huanlei and Yu, Zhuoping and Zhu, Yu},
	TITLE = {SMIFormer: Learning Spatial Feature Representation for 3D Object Detection from 4D Imaging Radar via Multi-View Interactive Transformers},
	JOURNAL = {Sensors},
	VOLUME = {23},
	YEAR = {2023},
	NUMBER = {23},
	ARTICLE-NUMBER = {9429},
}







