@inproceedings{ajith-etal-2024-litsearch,
    title = "{L}it{S}earch: A Retrieval Benchmark for Scientific Literature Search",
    author = "Ajith, Anirudh  and
      Xia, Mengzhou  and
      Chevalier, Alexis  and
      Goyal, Tanya  and
      Chen, Danqi  and
      Gao, Tianyu",
    editor = "Al-Onaizan, Yaser  and
      Bansal, Mohit  and
      Chen, Yun-Nung",
    booktitle = "Proceedings of the 2024 Conference on Empirical Methods in Natural Language Processing",
    month = nov,
    year = "2024",
    address = "Miami, Florida, USA",
    publisher = "Association for Computational Linguistics",
    url = "https://aclanthology.org/2024.emnlp-main.840/",
    doi = "10.18653/v1/2024.emnlp-main.840",
    pages = "15068--15083"
}
@article{agarwal2024litllm,
  title={LitLLM: A Toolkit for Scientific Literature Review},
  author={Agarwal, Shubham and Laradji, Issam H and Charlin, Laurent and Pal, Christopher},
  journal={arXiv preprint arXiv:2402.01788},
  year={2024}
}
@article{jiang2024bridging,
  title={Bridging Research and Readers: A Multi-Modal Automated Academic Papers Interpretation System},
  author={Jiang, Feng and Wang, Kuang and Li, Haizhou},
  journal={arXiv preprint arXiv:2401.09150},
  year={2024}
}
@article{razdaibiedina2023progressive,
  title={Progressive prompts: Continual learning for language models},
  author={Razdaibiedina, Anastasia and Mao, Yuning and Hou, Rui and Khabsa, Madian and Lewis, Mike and Almahairi, Amjad},
  journal={arXiv preprint arXiv:2301.12314},
  year={2023}
}
@article{ji2023survey,
  title={Survey of hallucination in natural language generation},
  author={Ji, Ziwei and Lee, Nayeon and Frieske, Rita and Yu, Tiezheng and Su, Dan and Xu, Yan and Ishii, Etsuko and Bang, Ye Jin and Madotto, Andrea and Fung, Pascale},
  journal={ACM Computing Surveys},
  volume={55},
  number={12},
  pages={1--38},
  year={2023},
  publisher={ACM New York, NY}
}
@article{ling2023domain,
  title={Domain specialization as the key to make large language models disruptive: A comprehensive survey},
  author={Ling, Chen and Zhao, Xujiang and Lu, Jiaying and Deng, Chengyuan and Zheng, Can and Wang, Junxiang and Chowdhury, Tanmoy and Li, Yun and Cui, Hejie and Zhang, Xuchao and others},
  journal={arXiv preprint arXiv:2305.18703},
  year={2023}
}
@Misc{acl_anthology_corpus,
   author =  {Shaurya Rohatgi},
   title =  {ACL Anthology Corpus with Full Text},
   howpublished = {Github},
   year =  {2022},
   url =  {https://github.com/shauryr/ACL-anthology-corpus}
}
@inproceedings{mondal-etal-2021-end,
    title = "End-to-End Construction of {NLP} Knowledge Graph",
    author = "Mondal, Ishani  and
      Hou, Yufang  and
      Jochim, Charles",
    editor = "Zong, Chengqing  and
      Xia, Fei  and
      Li, Wenjie  and
      Navigli, Roberto",
    booktitle = "Findings of the Association for Computational Linguistics: ACL-IJCNLP 2021",
    month = aug,
    year = "2021",
    address = "Online",
    publisher = "Association for Computational Linguistics",
    url = "https://aclanthology.org/2021.findings-acl.165/",
    doi = "10.18653/v1/2021.findings-acl.165",
    pages = "1885--1895"
}
@inproceedings{du2022academic,
  title={Academic Paper Knowledge Graph, the Construction and Application.},
  author={Du, Xinyu and Li, Ning},
  booktitle={ICBASE},
  pages={15--27},
  year={2022}
}
@inproceedings{jaradeh2019open,
  title={Open research knowledge graph: a system walkthrough},
  author={Jaradeh, Mohamad Yaser and Oelen, Allard and Prinz, Manuel and Stocker, Markus and Auer, S{\"o}ren},
  booktitle={Digital Libraries for Open Knowledge: 23rd International Conference on Theory and Practice of Digital Libraries, TPDL 2019, Oslo, Norway, September 9-12, 2019, Proceedings 23},
  pages={348--351},
  year={2019},
  organization={Springer}
}
@inproceedings{schopf-matthes-2024-nlp,
    title = "{NLP}-{KG}: A System for Exploratory Search of Scientific Literature in Natural Language Processing",
    author = "Schopf, Tim  and
      Matthes, Florian",
    editor = "Cao, Yixin  and
      Feng, Yang  and
      Xiong, Deyi",
    booktitle = "Proceedings of the 62nd Annual Meeting of the Association for Computational Linguistics (Volume 3: System Demonstrations)",
    month = aug,
    year = "2024",
    address = "Bangkok, Thailand",
    publisher = "Association for Computational Linguistics",
    url = "https://aclanthology.org/2024.acl-demos.13/",
    doi = "10.18653/v1/2024.acl-demos.13",
    pages = "127--135"
}
@article{yasunaga2022deep,
  title={Deep bidirectional language-knowledge graph pretraining},
  author={Yasunaga, Michihiro and Bosselut, Antoine and Ren, Hongyu and Zhang, Xikun and Manning, Christopher D and Liang, Percy S and Leskovec, Jure},
  journal={Advances in Neural Information Processing Systems},
  volume={35},
  pages={37309--37323},
  year={2022}
}
@inproceedings{baek-etal-2023-knowledge,
    title = "Knowledge-Augmented Language Model Prompting for Zero-Shot Knowledge Graph Question Answering",
    author = "Baek, Jinheon  and
      Aji, Alham Fikri  and
      Saffari, Amir",
    editor = "Dalvi Mishra, Bhavana  and
      Durrett, Greg  and
      Jansen, Peter  and
      Neves Ribeiro, Danilo  and
      Wei, Jason",
    booktitle = "Proceedings of the 1st Workshop on Natural Language Reasoning and Structured Explanations (NLRSE)",
    month = jun,
    year = "2023",
    address = "Toronto, Canada",
    publisher = "Association for Computational Linguistics",
    url = "https://aclanthology.org/2023.nlrse-1.7/",
    doi = "10.18653/v1/2023.nlrse-1.7",
    pages = "78--106"
}
@article{liang2024kag,
  title={Kag: Boosting llms in professional domains via knowledge augmented generation},
  author={Liang, Lei and Sun, Mengshu and Gui, Zhengke and Zhu, Zhongshu and Jiang, Zhouyu and Zhong, Ling and Qu, Yuan and Zhao, Peilong and Bo, Zhongpu and Yang, Jin and others},
  journal={arXiv preprint arXiv:2409.13731},
  year={2024}
}
@inproceedings{wen-etal-2024-mindmap,
    title = "{M}ind{M}ap: Knowledge Graph Prompting Sparks Graph of Thoughts in Large Language Models",
    author = "Wen, Yilin  and
      Wang, Zifeng  and
      Sun, Jimeng",
    editor = "Ku, Lun-Wei  and
      Martins, Andre  and
      Srikumar, Vivek",
    booktitle = "Proceedings of the 62nd Annual Meeting of the Association for Computational Linguistics (Volume 1: Long Papers)",
    month = aug,
    year = "2024",
    address = "Bangkok, Thailand",
    publisher = "Association for Computational Linguistics",
    url = "https://aclanthology.org/2024.acl-long.558/",
    doi = "10.18653/v1/2024.acl-long.558",
    pages = "10370--10388"
}
@inproceedings{zhang-etal-2024-e5,
    title = "$E^5$: Zero-shot Hierarchical Table Analysis using Augmented {LLM}s via Explain, Extract, Execute, Exhibit and Extrapolate",
    author = "Zhang, Zhehao  and
      Gao, Yan  and
      Lou, Jian-Guang",
    editor = "Duh, Kevin  and
      Gomez, Helena  and
      Bethard, Steven",
    booktitle = "Proceedings of the 2024 Conference of the North American Chapter of the Association for Computational Linguistics: Human Language Technologies (Volume 1: Long Papers)",
    month = jun,
    year = "2024",
    address = "Mexico City, Mexico",
    publisher = "Association for Computational Linguistics",
    url = "https://aclanthology.org/2024.naacl-long.68/",
    doi = "10.18653/v1/2024.naacl-long.68",
    pages = "1244--1258"
}
@article{yang2019xlnet,
  title={XLNet: Generalized Autoregressive Pretraining for Language Understanding},
  author={Yang, Zhilin},
  journal={arXiv preprint arXiv:1906.08237},
  year={2019}
}
@article{DBLP:journals/corr/abs-1906-08237,
  author       = {Zhilin Yang and
                  Zihang Dai and
                  Yiming Yang and
                  Jaime G. Carbonell and
                  Ruslan Salakhutdinov and
                  Quoc V. Le},
  title        = {XLNet: Generalized Autoregressive Pretraining for Language Understanding},
  journal      = {CoRR},
  volume       = {abs/1906.08237},
  year         = {2019},
  url          = {http://arxiv.org/abs/1906.08237},
  eprinttype    = {arXiv},
  eprint       = {1906.08237},
  timestamp    = {Mon, 24 Jun 2019 17:28:45 +0200},
  biburl       = {https://dblp.org/rec/journals/corr/abs-1906-08237.bib},
  bibsource    = {dblp computer science bibliography, https://dblp.org}
}
@inproceedings{na2010research,
  title={Research on k-means clustering algorithm: An improved k-means clustering algorithm},
  author={Na, Shi and Xumin, Liu and Yong, Guan},
  booktitle={2010 Third International Symposium on intelligent information technology and security informatics},
  pages={63--67},
  year={2010},
  organization={Ieee}
}
@inproceedings{dasigi-etal-2021-dataset,
    title = "A Dataset of Information-Seeking Questions and Answers Anchored in Research Papers",
    author = "Dasigi, Pradeep  and
      Lo, Kyle  and
      Beltagy, Iz  and
      Cohan, Arman  and
      Smith, Noah A.  and
      Gardner, Matt",
    editor = "Toutanova, Kristina  and
      Rumshisky, Anna  and
      Zettlemoyer, Luke  and
      Hakkani-Tur, Dilek  and
      Beltagy, Iz  and
      Bethard, Steven  and
      Cotterell, Ryan  and
      Chakraborty, Tanmoy  and
      Zhou, Yichao",
    booktitle = "Proceedings of the 2021 Conference of the North American Chapter of the Association for Computational Linguistics: Human Language Technologies",
    month = jun,
    year = "2021",
    address = "Online",
    publisher = "Association for Computational Linguistics",
    url = "https://aclanthology.org/2021.naacl-main.365/",
    doi = "10.18653/v1/2021.naacl-main.365",
    pages = "4599--4610"
}
@misc{zhang2020bertscoreevaluatingtextgeneration,
      title={BERTScore: Evaluating Text Generation with BERT}, 
      author={Tianyi Zhang and Varsha Kishore and Felix Wu and Kilian Q. Weinberger and Yoav Artzi},
      year={2020},
      eprint={1904.09675},
      archivePrefix={arXiv},
      primaryClass={cs.CL},
      url={https://arxiv.org/abs/1904.09675}, 
}
@misc{peng2023checkfactstryagain,
      title={Check Your Facts and Try Again: Improving Large Language Models with External Knowledge and Automated Feedback}, 
      author={Baolin Peng and Michel Galley and Pengcheng He and Hao Cheng and Yujia Xie and Yu Hu and Qiuyuan Huang and Lars Liden and Zhou Yu and Weizhu Chen and Jianfeng Gao},
      year={2023},
      eprint={2302.12813},
      archivePrefix={arXiv},
      primaryClass={cs.CL},
      url={https://arxiv.org/abs/2302.12813}, 
}
@article{sasaki2024enhancing,
  author = {Sasaki, M. and Watanabe, N. and Komanaka, T.},
  title = {Enhancing contextual understanding of mistral llm with external knowledge bases},
  year = {2024},
  doi = {10.21203/rs.3.rs-4215447/v1}
}
@article{liu2024lost,
  title={Lost in the middle: How language models use long contexts},
  author={Liu, Nelson F and Lin, Kevin and Hewitt, John and Paranjape, Ashwin and Bevilacqua, Michele and Petroni, Fabio and Liang, Percy},
  journal={Transactions of the Association for Computational Linguistics},
  volume={12},
  pages={157--173},
  year={2024},
  publisher={MIT Press One Broadway, 12th Floor, Cambridge, Massachusetts 02142, USA~…}
}
@article{ibrahim2024survey,
  title={A survey on augmenting knowledge graphs (KGs) with large language models (LLMs): models, evaluation metrics, benchmarks, and challenges},
  author={Ibrahim, Nourhan and Aboulela, Samar and Ibrahim, Ahmed and Kashef, Rasha},
  journal={Discover Artificial Intelligence},
  volume={4},
  number={1},
  pages={76},
  year={2024},
  publisher={Springer}
}
@inproceedings{zhang2019oag,
  title={OAG: Toward linking large-scale heterogeneous entity graphs},
  author={Zhang, Fanjin and Liu, Xiao and Tang, Jie and Dong, Yuxiao and Yao, Peiran and Zhang, Jie and Gu, Xiaotao and Wang, Yan and Shao, Bin and Li, Rui and others},
  booktitle={Proceedings of the 25th ACM SIGKDD international conference on knowledge discovery \& data mining},
  pages={2585--2595},
  year={2019}
}
@inproceedings{tang2008arnetminer,
  title={Arnetminer: extraction and mining of academic social networks},
  author={Tang, Jie and Zhang, Jing and Yao, Limin and Li, Juanzi and Zhang, Li and Su, Zhong},
  booktitle={Proceedings of the 14th ACM SIGKDD international conference on Knowledge discovery and data mining},
  pages={990--998},
  year={2008}
}
@Article{rs13132511,
AUTHOR = {Hao, Xuejie and Ji, Zheng and Li, Xiuhong and Yin, Lizeyan and Liu, Lu and Sun, Meiying and Liu, Qiang and Yang, Rongjin},
TITLE = {Construction and Application of a Knowledge Graph},
JOURNAL = {Remote Sensing},
VOLUME = {13},
YEAR = {2021},
NUMBER = {13},
ARTICLE-NUMBER = {2511},
URL = {https://www.mdpi.com/2072-4292/13/13/2511},
ISSN = {2072-4292},
DOI = {10.3390/rs13132511}
}
@article{guo2023gpt4graph,
  title={{GPT4Graph}: Can Large Language Models Understand Graph Structured Data? An Empirical Evaluation and Benchmarking},
  author={Guo, Jiayan and Du, Lun and Liu, Hengyu},
  journal={arXiv preprint arXiv:2305.15066},
  year={2023}
}
@article{sharma2023ontology,
  title={Ontology-based semantic retrieval of documents using Word2vec model},
  author={Sharma, Anil and Kumar, Suresh},
  journal={Data \& Knowledge Engineering},
  volume={144},
  pages={102110},
  year={2023},
  publisher={Elsevier}
}
@misc{dai2020word2vec,
      title={Word2vec Conjecture and A Limitative Result}, 
      author={Falcon Z. Dai},
      year={2020},
      eprint={2010.12719},
      archivePrefix={arXiv},
      primaryClass={cs.CL}
}
@article{lewis2020retrieval,
  title={Retrieval-augmented generation for knowledge-intensive nlp tasks},
  author={Lewis, Patrick and Perez, Ethan and Piktus, Aleksandra and Petroni, Fabio and Karpukhin, Vladimir and Goyal, Naman and K{\"u}ttler, Heinrich and Lewis, Mike and Yih, Wen-tau and Rockt{\"a}schel, Tim and others},
  journal={Advances in Neural Information Processing Systems},
  volume={33},
  pages={9459--9474},
  year={2020}
}
@inproceedings{chen2024bge,
    title = "{M}3-Embedding: Multi-Linguality, Multi-Functionality, Multi-Granularity Text Embeddings Through Self-Knowledge Distillation",
    author = "Chen, Jianlyu  and
      Xiao, Shitao  and
      Zhang, Peitian  and
      Luo, Kun  and
      Lian, Defu  and
      Liu, Zheng",
    editor = "Ku, Lun-Wei  and
      Martins, Andre  and
      Srikumar, Vivek",
    booktitle = "Findings of the Association for Computational Linguistics: ACL 2024",
    month = aug,
    year = "2024",
    address = "Bangkok, Thailand",
    publisher = "Association for Computational Linguistics",
    url = "https://aclanthology.org/2024.findings-acl.137/",
    doi = "10.18653/v1/2024.findings-acl.137",
    pages = "2318--2335"
}
@inproceedings{wu-etal-2024-sparkra,
    title = "{S}park{RA}: A Retrieval-Augmented Knowledge Service System Based on Spark Large Language Model",
    author = "Wu, Dayong  and
      Li, Jiaqi  and
      Wang, Baoxin  and
      Zhao, Honghong  and
      Xue, Siyuan  and
      Yang, Yanjie  and
      Chang, Zhijun  and
      Zhang, Rui  and
      Qian, Li  and
      Wang, Bo  and
      Wang, Shijin  and
      Zhang, Zhixiong  and
      Hu, Guoping",
    editor = "Hernandez Farias, Delia Irazu  and
      Hope, Tom  and
      Li, Manling",
    booktitle = "Proceedings of the 2024 Conference on Empirical Methods in Natural Language Processing: System Demonstrations",
    month = nov,
    year = "2024",
    address = "Miami, Florida, USA",
    publisher = "Association for Computational Linguistics",
    url = "https://aclanthology.org/2024.emnlp-demo.40/",
    doi = "10.18653/v1/2024.emnlp-demo.40",
    pages = "382--389"
}