@inproceedings{baek-etal-2023-knowledge,
    title = "Knowledge-Augmented Language Model Prompting for Zero-Shot Knowledge Graph Question Answering",
    author = "Baek, Jinheon  and
      Aji, Alham Fikri  and
      Saffari, Amir",
    editor = "Dalvi Mishra, Bhavana  and
      Durrett, Greg  and
      Jansen, Peter  and
      Neves Ribeiro, Danilo  and
      Wei, Jason",
    booktitle = "Proceedings of the 1st Workshop on Natural Language Reasoning and Structured Explanations (NLRSE)",
    month = jun,
    year = "2023",
    address = "Toronto, Canada",
    publisher = "Association for Computational Linguistics",
    url = "https://aclanthology.org/2023.nlrse-1.7/",
    doi = "10.18653/v1/2023.nlrse-1.7",
    pages = "78--106"
}

@inproceedings{du2022academic,
  title={Academic Paper Knowledge Graph, the Construction and Application.},
  author={Du, Xinyu and Li, Ning},
  booktitle={ICBASE},
  pages={15--27},
  year={2022}
}

@inproceedings{jaradeh2019open,
  title={Open research knowledge graph: a system walkthrough},
  author={Jaradeh, Mohamad Yaser and Oelen, Allard and Prinz, Manuel and Stocker, Markus and Auer, S{\"o}ren},
  booktitle={Digital Libraries for Open Knowledge: 23rd International Conference on Theory and Practice of Digital Libraries, TPDL 2019, Oslo, Norway, September 9-12, 2019, Proceedings 23},
  pages={348--351},
  year={2019},
  organization={Springer}
}

@article{liang2024kag,
  title={Kag: Boosting llms in professional domains via knowledge augmented generation},
  author={Liang, Lei and Sun, Mengshu and Gui, Zhengke and Zhu, Zhongshu and Jiang, Zhouyu and Zhong, Ling and Qu, Yuan and Zhao, Peilong and Bo, Zhongpu and Yang, Jin and others},
  journal={arXiv preprint arXiv:2409.13731},
  year={2024}
}

@Article{rs13132511,
AUTHOR = {Hao, Xuejie and Ji, Zheng and Li, Xiuhong and Yin, Lizeyan and Liu, Lu and Sun, Meiying and Liu, Qiang and Yang, Rongjin},
TITLE = {Construction and Application of a Knowledge Graph},
JOURNAL = {Remote Sensing},
VOLUME = {13},
YEAR = {2021},
NUMBER = {13},
ARTICLE-NUMBER = {2511},
URL = {https://www.mdpi.com/2072-4292/13/13/2511},
ISSN = {2072-4292},
DOI = {10.3390/rs13132511}
}

@inproceedings{schopf-matthes-2024-nlp,
    title = "{NLP}-{KG}: A System for Exploratory Search of Scientific Literature in Natural Language Processing",
    author = "Schopf, Tim  and
      Matthes, Florian",
    editor = "Cao, Yixin  and
      Feng, Yang  and
      Xiong, Deyi",
    booktitle = "Proceedings of the 62nd Annual Meeting of the Association for Computational Linguistics (Volume 3: System Demonstrations)",
    month = aug,
    year = "2024",
    address = "Bangkok, Thailand",
    publisher = "Association for Computational Linguistics",
    url = "https://aclanthology.org/2024.acl-demos.13/",
    doi = "10.18653/v1/2024.acl-demos.13",
    pages = "127--135"
}

@inproceedings{tang2008arnetminer,
  title={Arnetminer: extraction and mining of academic social networks},
  author={Tang, Jie and Zhang, Jing and Yao, Limin and Li, Juanzi and Zhang, Li and Su, Zhong},
  booktitle={Proceedings of the 14th ACM SIGKDD international conference on Knowledge discovery and data mining},
  pages={990--998},
  year={2008}
}

@inproceedings{wen-etal-2024-mindmap,
    title = "{M}ind{M}ap: Knowledge Graph Prompting Sparks Graph of Thoughts in Large Language Models",
    author = "Wen, Yilin  and
      Wang, Zifeng  and
      Sun, Jimeng",
    editor = "Ku, Lun-Wei  and
      Martins, Andre  and
      Srikumar, Vivek",
    booktitle = "Proceedings of the 62nd Annual Meeting of the Association for Computational Linguistics (Volume 1: Long Papers)",
    month = aug,
    year = "2024",
    address = "Bangkok, Thailand",
    publisher = "Association for Computational Linguistics",
    url = "https://aclanthology.org/2024.acl-long.558/",
    doi = "10.18653/v1/2024.acl-long.558",
    pages = "10370--10388"
}

@article{yasunaga2022deep,
  title={Deep bidirectional language-knowledge graph pretraining},
  author={Yasunaga, Michihiro and Bosselut, Antoine and Ren, Hongyu and Zhang, Xikun and Manning, Christopher D and Liang, Percy S and Leskovec, Jure},
  journal={Advances in Neural Information Processing Systems},
  volume={35},
  pages={37309--37323},
  year={2022}
}

@inproceedings{zhang2019oag,
  title={OAG: Toward linking large-scale heterogeneous entity graphs},
  author={Zhang, Fanjin and Liu, Xiao and Tang, Jie and Dong, Yuxiao and Yao, Peiran and Zhang, Jie and Gu, Xiaotao and Wang, Yan and Shao, Bin and Li, Rui and others},
  booktitle={Proceedings of the 25th ACM SIGKDD international conference on knowledge discovery \& data mining},
  pages={2585--2595},
  year={2019}
}

