@INPROCEEDINGS{556169,
  author={Zeller, M. and Sharma, R. and Schulten, K.},
  booktitle={{IEEE} Intl. Symp. on Intell. Control}, 
  title={Vision-based motion planning of a pneumatic robot using a topology representing neural network}, 
  year={1996},
  volume={},
  number={},
  pages={7-12},
  keywords={Motion planning;Robot vision systems;Network topology;Phase change materials;Robot sensing systems;Orbital robotics;Robot motion;Motion control;Uncertainty;Neural networks},
  doi={10.1109/ISIC.1996.556169}}

@inproceedings{cohen2010search,
  title={Search-based planning for manipulation with motion primitives},
  author={Cohen, Benjamin J and Chitta, Sachin and Likhachev, Maxim},
  booktitle=icra,
  pages={2902--2908},
  year={2010}
}

@article{ichter2019robot,
  title={Robot motion planning in learned latent spaces},
  author={Ichter, Brian and Pavone, Marco},
  journal=iral,
  volume={4},
  number={3},
  pages={2407--2414},
  year={2019}
}

@article{kavraki1996probabilistic,
  title={Probabilistic roadmaps for path planning in high-dimensional configuration spaces},
  author={Kavraki, Lydia E and Svestka, Petr and Latombe, J-C and Overmars, Mark H},
  journal=tro,
  volume={12},
  number={4},
  pages={566--580},
  year={1996}
}

@article{kingston2018sampling,
  title={Sampling-based methods for motion planning with constraints},
  author={Kingston, Zachary and Moll, Mark and Kavraki, Lydia E},
  journal=ar,
  volume={1},
  number={1},
  pages={159--185},
  year={2018}
}

@inproceedings{lee2011obstacle,
  title={Obstacle avoidance using image-based visual servoing integrated with nonlinear model predictive control},
  author={Lee, Daewon and Lim, Hyon and Kim, H Jin},
  booktitle={{IEEE} Conf. on Decision and Control and European Control Conference},
  pages={5689--5694},
  year={2011}
}

@article{likhachev2003ara,
  title={ARA*: Anytime A* with provable bounds on sub-optimality},
  author={Likhachev, Maxim and Gordon, Geoffrey J and Thrun, Sebastian},
  journal=nips,
  volume={16},
  year={2003}
}

@inproceedings{liu2021model,
  title={A model-free deep reinforcement learning approach for robotic manipulators path planning},
  author={Liu, Wenxing and Niu, Hanlin and Mahyuddin, Muhammad Nasiruddin and Herrmann, Guido and Carrasco, Joaquin},
  booktitle={{IEEE} Intl. Conf. on Control, Autom. and Syst.},
  pages={512--517},
  year={2021}
}

@inproceedings{mezouar2000path,
  title={Path planning in image space for robust visual servoing},
  author={Mezouar, Youcef and Chaumette, Fran{\c{c}}ois},
  booktitle=icra,
  volume={3},
  pages={2759--2764},
  year={2000}
}

@article{orthey2024review,
author = {Orthey, Andreas and Chamzas, Constantinos and Kavraki, Lydia E.},
title = {Sampling-Based Motion Planning: A Comparative Review},
journal = ar,
volume = {7},
number = {1},
year = {2024},
doi = {10.1146/annurev-control-061623-094742},
}

@article{park2020trajectory,
  title={Trajectory planning with collision avoidance for redundant robots using jacobian and artificial potential field-based real-time inverse kinematics},
  author={Park, Sun-Oh and Lee, Min Cheol and Kim, Jaehyung},
  journal={Intl. J. on Control, Autom. and Syst.},
  volume={18},
  number={8},
  pages={2095--2107},
  year={2020},
  publisher={Springer}
}

@article{schulman2014motion,
  title={Motion planning with sequential convex optimization and convex collision checking},
  author={Schulman, John and Duan, Yan and Ho, Jonathan and Lee, Alex and Awwal, Ibrahim and Bradlow, Henry and Pan, Jia and Patil, Sachin and Goldberg, Ken and Abbeel, Pieter},
  journal=ijrr,
  volume={33},
  number={9},
  pages={1251--1270},
  year={2014},
  publisher={SAGE}
}

@article{zhao2024survey,
  title={A survey of optimization-based task and motion planning: from classical to learning approaches},
  author={Zhao, Zhigen and Cheng, Shuo and Ding, Yan and Zhou, Ziyi and Zhang, Shiqi and Xu, Danfei and Zhao, Ye},
  journal=trm,
  year={2024},
  publisher={IEEE}
}

@inproceedings{zhou2021robotic,
  title={Robotic arm motion planning based on residual reinforcement learning},
  author={Zhou, Dongxu and Jia, Ruiqing and Yao, Haifeng and Xie, Mingzuo},
  booktitle={{IEEE} Intl. Conf. on Computer and Autom. Engineering},
  pages={89--94},
  year={2021}
}

