@article{bandarkar2024layer,
  title={Layer swapping for zero-shot cross-lingual transfer in large language models},
  author={Bandarkar, Lucas and Muller, Benjamin and Yuvraj, Pritish and Hou, Rui and Singhal, Nayan and Lv, Hongjiang and Liu, Bing},
  journal={arXiv preprint arXiv:2410.01335},
  year={2024}
}

@article{le2023bloom,
  title={Bloom: A 176b-parameter open-access multilingual language model},
  author={Le Scao, Teven and Fan, Angela and Akiki, Christopher and Pavlick, Ellie and Ili{\'c}, Suzana and Hesslow, Daniel and Castagn{\'e}, Roman and Luccioni, Alexandra Sasha and Yvon, Fran{\c{c}}ois and Gall{\'e}, Matthias and others},
  year={2023}
}

@article{li2024exploring,
  title={Exploring multilingual probing in large language models: A cross-language analysis},
  author={Li, Daoyang and Jin, Mingyu and Zeng, Qingcheng and Zhao, Haiyan and Du, Mengnan},
  journal={arXiv preprint arXiv:2409.14459},
  year={2024}
}

@article{wang2024probing,
  title={Probing the Emergence of Cross-lingual Alignment during LLM Training},
  author={Wang, Hetong and Minervini, Pasquale and Ponti, Edoardo M},
  journal={arXiv preprint arXiv:2406.13229},
  year={2024}
}

@article{zhao2024adamergex,
  title={AdaMergeX: Cross-Lingual Transfer with Large Language Models via Adaptive Adapter Merging},
  author={Zhao, Yiran and Zhang, Wenxuan and Wang, Huiming and Kawaguchi, Kenji and Bing, Lidong},
  journal={arXiv preprint arXiv:2402.18913},
  year={2024}
}

@inproceedings{zhao2024large,
  title={How do Large Language Models Handle Multilingualism?},
  author={Zhao, Yiran and Zhang, Wenxuan and Chen, Guizhen and Kawaguchi, Kenji and Bing, Lidong},
  booktitle={Advances in Neural Information Processing Systems (NeurIPS)},
  year={2024}
}

