@misc{aryabumi2024aya,
      title={{Aya 23: Open Weight Releases to Further Multilingual Progress}}, 
      author={Viraat Aryabumi and John Dang and Dwarak Talupuru and Saurabh Dash and David Cairuz and Hangyu Lin and Bharat Venkitesh and Madeline Smith and Kelly Marchisio and Sebastian Ruder and Acyr Locatelli and Julia Kreutzer and Nick Frosst and Phil Blunsom and Marzieh Fadaee and Ahmet Üstün and Sara Hooker},
      year={2024},
      eprint={2405.15032},
      archivePrefix={arXiv},
      primaryClass={cs.CL}
}

@article{reid2024gemini,
  title={{Gemini 1.5: Unlocking multimodal understanding across millions of tokens of context}},
  author={Reid, Machel and Savinov, Nikolay and Teplyashin, Denis and Lepikhin, Dmitry and Lillicrap, Timothy and Alayrac, Jean-baptiste and Soricut, Radu and Lazaridou, Angeliki and Firat, Orhan and Schrittwieser, Julian and others},
  journal={arXiv preprint arXiv:2403.05530},
  year={2024}
}

@online{gpt4o,
  author = {OpenAI},
  title = {{Hello GPT-4o}},
  year = 2024,
  url = {https://openai.com/index/hello-gpt-4o},
}


@online{gpt4o1mini,
    author={OpenAI},
    title = {{OpenAI o1-mini}},
    year = 2024,
    url = {https://openai.com/index/openai-o1-mini-advancing-cost-efficient-reasoning/},
}

@online{gpt4o1,
  author = {OpenAI},
  title = {{Learning to Reason with LLMs}},
  year = 2024,
  url = {https://openai.com/index/learning-to-reason-with-llms/},
}

@online{claude,
  author = {Anthropic},
  title = {{Claude 3.5 Sonnet}},
  year = 2024,
  url = {https://www.anthropic.com/news/claude-3-5-sonnet/},
}

@article{llama3,
  title={{The Llama 3 Herd of Models}},
  author={Dubey, Abhimanyu and Jauhri, Abhinav and Pandey, Abhinav and Kadian, Abhishek and Al-Dahle, Ahmad and Letman, Aiesha and Mathur, Akhil and Schelten, Alan and Yang, Amy and Fan, Angela and others},
  journal={arXiv preprint arXiv:2407.21783},
  year={2024}
}

@online{mistral,
  author = {Mistral AI},
  title = {{Large Enough}},
  year = 2024,
  url = {https://mistral.ai/news/mistral-large-2407/},
}

@inproceedings{papineni-etal-2002-bleu,
    title = {{Bleu: a Method for Automatic Evaluation of Machine Translation}},
    author = "Papineni, Kishore  and
      Roukos, Salim  and
      Ward, Todd  and
      Zhu, Wei-Jing",
    editor = "Isabelle, Pierre  and
      Charniak, Eugene  and
      Lin, Dekang",
    booktitle = "Proceedings of the 40th Annual Meeting of the Association for Computational Linguistics",
    month = jul,
    year = "2002",
    address = "Philadelphia, Pennsylvania, USA",
    publisher = "Association for Computational Linguistics",
    url = "https://aclanthology.org/P02-1040/",
    doi = "10.3115/1073083.1073135",
    pages = "311--318"
}

@inproceedings{popovic-2015-chrf,
    title = {{chrF: character n-gram F-score for automatic MT evaluation}},
    author = "Popovi{\'c}, Maja",
    editor = "Bojar, Ond{\v{r}}ej  and
      Chatterjee, Rajan  and
      Federmann, Christian  and
      Haddow, Barry  and
      Hokamp, Chris  and
      Huck, Matthias  and
      Logacheva, Varvara  and
      Pecina, Pavel",
    booktitle = "Proceedings of the Tenth Workshop on Statistical Machine Translation",
    month = sep,
    year = "2015",
    address = "Lisbon, Portugal",
    publisher = "Association for Computational Linguistics",
    url = "https://aclanthology.org/W15-3049/",
    doi = "10.18653/v1/W15-3049",
    pages = "392--395"
}

@inproceedings{ZhangBERTScore,
    title={{BERTScore: Evaluating Text Generation with BERT}},
    author={Tianyi Zhang and Varsha Kishore and Felix Wu and Kilian Q. Weinberger and Yoav Artzi},
    booktitle={International Conference on Learning Representations},
    year={2020},
    url={https://openreview.net/forum?id=SkeHuCVFDr}
}

@inproceedings{juraska-etal-2024-metricx,
    title = {{MetricX-24: The Google Submission to the WMT 2024 Metrics Shared Task}},
    author = "Juraska, Juraj  and
      Deutsch, Daniel  and
      Finkelstein, Mara  and
      Freitag, Markus",
    editor = "Haddow, Barry  and
      Kocmi, Tom  and
      Koehn, Philipp  and
      Monz, Christof",
    booktitle = "Proceedings of the Ninth Conference on Machine Translation",
    month = nov,
    year = "2024",
    address = "Miami, Florida, USA",
    publisher = "Association for Computational Linguistics",
    url = "https://aclanthology.org/2024.wmt-1.35/",
    doi = "10.18653/v1/2024.wmt-1.35",
    pages = "492--504",
}

@article{guerreiro-etal-2024-xcomet,
    title = {{XCOMET: Transparent Machine Translation Evaluation through Fine-grained Error Detection}},
    author = "Guerreiro, Nuno M.  and
      Rei, Ricardo  and
      Stigt, Daan van  and
      Coheur, Luisa  and
      Colombo, Pierre  and
      Martins, Andr{\'e} F. T.",
    journal = "Transactions of the Association for Computational Linguistics",
    volume = "12",
    year = "2024",
    address = "Cambridge, MA",
    publisher = "MIT Press",
    url = "https://aclanthology.org/2024.tacl-1.54/",
    doi = "10.1162/tacl_a_00683",
    pages = "979--995",
}

@misc{briakou2024,
      title={{On the Implications of Verbose LLM Outputs: A Case Study in Translation Evaluation}}, 
      author={Eleftheria Briakou and Zhongtao Liu and Colin Cherry and Markus Freitag},
      year={2024},
      eprint={2410.00863},
      archivePrefix={arXiv},
      primaryClass={cs.CL},
      url={https://arxiv.org/abs/2410.00863}, 
}

@article{lommel2014multidimensional,
  title={{Multidimensional Quality Metrics (MQM): A Framework for Declaring and Describing Translation Quality Metrics}},
  author={Lommel, Arle and Uszkoreit, Hans and Burchardt, Aljoscha},
  journal={Tradum{\`a}tica},
  number={12},
  pages={0455--463},
  year={2014}
}

@article{experts,
    author = {Freitag, Markus and Foster, George and Grangier, David and Ratnakar, Viresh and Tan, Qijun and Macherey, Wolfgang},
    title = {{Experts, Errors, and Context: A Large-Scale Study of Human Evaluation for Machine Translation}},
    journal = {Transactions of the Association for Computational Linguistics},
    volume = {9},
    pages = {1460-1474},
    year = {2021},
    month = {12},
    issn = {2307-387X},
    doi = {10.1162/tacl_a_00437},
    url = {https://doi.org/10.1162/tacl\_a\_00437},
    eprint = {https://direct.mit.edu/tacl/article-pdf/doi/10.1162/tacl\_a\_00437/1979261/tacl\_a\_00437.pdf},
}



@inproceedings{wang-etal-2024-afrimte,
    title = {{AfriMTE and AfriCOMET: Enhancing COMET to Embrace Under-resourced African Languages}},
    author = "Wang, Jiayi  and
      Adelani, David  and
      Agrawal, Sweta  and
      Masiak, Marek  and
      Rei, Ricardo  and
      Briakou, Eleftheria  and
      Carpuat, Marine  and
      He, Xuanli  and
      Bourhim, Sofia  and
      Bukula, Andiswa  and
      Mohamed, Muhidin  and
      Olatoye, Temitayo  and
      Adewumi, Tosin  and
      Mokayed, Hamam  and
      Mwase, Christine  and
      Kimotho, Wangui  and
      Yuehgoh, Foutse  and
      Aremu, Anuoluwapo  and
      Ojo, Jessica  and
      Muhammad, Shamsuddeen  and
      Osei, Salomey  and
      Omotayo, Abdul-Hakeem  and
      Chukwuneke, Chiamaka  and
      Ogayo, Perez  and
      Hourrane, Oumaima  and
      El Anigri, Salma  and
      Ndolela, Lolwethu  and
      Mangwana, Thabiso  and
      Mohamed, Shafie  and
      Ayinde, Hassan  and
      Awoyomi, Oluwabusayo  and
      Alkhaled, Lama  and
      Al-azzawi, Sana  and
      Etori, Naome  and
      Ochieng, Millicent  and
      Siro, Clemencia  and
      Kiragu, Njoroge  and
      Muchiri, Eric  and
      Kimotho, Wangari  and
      Sakayo, Toadoum Sari  and
      Wamba, Lyse Naomi  and
      Abolade, Daud  and
      Ajao, Simbiat  and
      Shode, Iyanuoluwa  and
      Macharm, Ricky  and
      Iro, Ruqayya  and
      Abdullahi, Saheed  and
      Moore, Stephen  and
      Opoku, Bernard  and
      Akinjobi, Zainab  and
      Afolabi, Abeeb  and
      Obiefuna, Nnaemeka  and
      Ogbu, Onyekachi  and
      Ochieng{'}, Sam  and
      Otiende, Verrah  and
      Mbonu, Chinedu  and
      Lu, Yao  and
      Stenetorp, Pontus",
    editor = "Duh, Kevin  and
      Gomez, Helena  and
      Bethard, Steven",
    booktitle = "Proceedings of the 2024 Conference of the North American Chapter of the Association for Computational Linguistics: Human Language Technologies (Volume 1: Long Papers)",
    month = jun,
    year = "2024",
    address = "Mexico City, Mexico",
    publisher = "Association for Computational Linguistics",
    url = "https://aclanthology.org/2024.naacl-long.334/",
    doi = "10.18653/v1/2024.naacl-long.334",
    pages = "5997--6023",
}

@inproceedings{sai-b-etal-2023-indicmt,
    title = {{IndicMT Eval: A Dataset to Meta-Evaluate Machine Translation Metrics for Indian Languages}},
    author = "Sai B, Ananya  and
      Dixit, Tanay  and
      Nagarajan, Vignesh  and
      Kunchukuttan, Anoop  and
      Kumar, Pratyush  and
      Khapra, Mitesh M.  and
      Dabre, Raj",
    editor = "Rogers, Anna  and
      Boyd-Graber, Jordan  and
      Okazaki, Naoaki",
    booktitle = "Proceedings of the 61st Annual Meeting of the Association for Computational Linguistics (Volume 1: Long Papers)",
    month = jul,
    year = "2023",
    address = "Toronto, Canada",
    publisher = "Association for Computational Linguistics",
    url = "https://aclanthology.org/2023.acl-long.795/",
    doi = "10.18653/v1/2023.acl-long.795",
    pages = "14210--14228",
}

@article{nllb2022,
  author    = {NLLB Team, Marta R. Costa-jussà, James Cross, Onur Çelebi, Maha Elbayad, Kenneth Heafield, Kevin Heffernan, Elahe Kalbassi,  Janice Lam, Daniel Licht, Jean Maillard, Anna Sun, Skyler Wang, Guillaume Wenzek, Al Youngblood, Bapi Akula, Loic Barrault, Gabriel Mejia Gonzalez, Prangthip Hansanti, John Hoffman, Semarley Jarrett, Kaushik Ram Sadagopan, Dirk Rowe, Shannon Spruit, Chau Tran, Pierre Andrews, Necip Fazil Ayan, Shruti Bhosale, Sergey Edunov, Angela Fan, Cynthia Gao, Vedanuj Goswami, Francisco Guzmán, Philipp Koehn, Alexandre Mourachko, Christophe Ropers, Safiyyah Saleem, Holger Schwenk, Jeff Wang},
  title     = {{No Language Left Behind: Scaling Human-Centered Machine Translation}},
  year      = {2022},
  url = {https://arxiv.org/abs/2207.04672}
}

@inproceedings{flores101,
  title={{The FLORES-101  Evaluation Benchmark for Low-Resource and Multilingual Machine Translation}},
  author={Goyal, Naman and Gao, Cynthia and Chaudhary, Vishrav and Chen, Peng-Jen and Wenzek, Guillaume and Ju, Da and Krishnan, Sanjana and Ranzato, Marc'Aurelio and Guzm\'{a}n, Francisco and Fan, Angela},
  year={2021}
}

@inproceedings{kocmi-etal-2024-findings,
    title = {{Findings of the WMT24 General Machine Translation Shared Task: The LLM Era Is Here but MT Is Not Solved Yet}},
    author = "Kocmi, Tom  and
      Avramidis, Eleftherios  and
      Bawden, Rachel  and
      Bojar, Ond{\v{r}}ej  and
      Dvorkovich, Anton  and
      Federmann, Christian  and
      Fishel, Mark  and
      Freitag, Markus  and
      Gowda, Thamme  and
      Grundkiewicz, Roman  and
      Haddow, Barry  and
      Karpinska, Marzena  and
      Koehn, Philipp  and
      Marie, Benjamin  and
      Monz, Christof  and
      Murray, Kenton  and
      Nagata, Masaaki  and
      Popel, Martin  and
      Popovi{\'c}, Maja  and
      Shmatova, Mariya  and
      Steingr{\'i}msson, Steinth{\'o}r  and
      Zouhar, Vil{\'e}m",
    editor = "Haddow, Barry  and
      Kocmi, Tom  and
      Koehn, Philipp  and
      Monz, Christof",
    booktitle = "Proceedings of the Ninth Conference on Machine Translation",
    month = nov,
    year = "2024",
    address = "Miami, Florida, USA",
    publisher = "Association for Computational Linguistics",
    url = "https://aclanthology.org/2024.wmt-1.1/",
    doi = "10.18653/v1/2024.wmt-1.1",
    pages = "1--46",
}

@misc{singh2024globalmmluunderstandingaddressing,
      title={{Global MMLU: Understanding and Addressing Cultural and Linguistic Biases in Multilingual Evaluation}}, 
      author={Shivalika Singh and Angelika Romanou and Clémentine Fourrier and David I. Adelani and Jian Gang Ngui and Daniel Vila-Suero and Peerat Limkonchotiwat and Kelly Marchisio and Wei Qi Leong and Yosephine Susanto and Raymond Ng and Shayne Longpre and Wei-Yin Ko and Madeline Smith and Antoine Bosselut and Alice Oh and Andre F. T. Martins and Leshem Choshen and Daphne Ippolito and Enzo Ferrante and Marzieh Fadaee and Beyza Ermis and Sara Hooker},
      year={2024},
      eprint={2412.03304},
      archivePrefix={arXiv},
      primaryClass={cs.CL},
      url={https://arxiv.org/abs/2412.03304}, 
}

@inproceedings{singh-etal-2024-indicgenbench,
    title = {{IndicGenBench: A Multilingual Benchmark to Evaluate Generation Capabilities of LLMs on Indic Languages}},
    author = "Singh, Harman  and
      Gupta, Nitish  and
      Bharadwaj, Shikhar  and
      Tewari, Dinesh  and
      Talukdar, Partha",
    editor = "Ku, Lun-Wei  and
      Martins, Andre  and
      Srikumar, Vivek",
    booktitle = "Proceedings of the 62nd Annual Meeting of the Association for Computational Linguistics (Volume 1: Long Papers)",
    month = aug,
    year = "2024",
    address = "Bangkok, Thailand",
    publisher = "Association for Computational Linguistics",
    url = "https://aclanthology.org/2024.acl-long.595/",
    doi = "10.18653/v1/2024.acl-long.595",
    pages = "11047--11073",
}

@article{Artetxe:etal:2019,
      author    = {Mikel Artetxe and Sebastian Ruder and Dani Yogatama},
      title     = {{On the cross-lingual transferability of monolingual representations}},
      journal   = {CoRR},
      volume    = {abs/1910.11856},
      year      = {2019},
      archivePrefix = {arXiv},
      eprint    = {1910.11856}
}

@misc{shi2022languagemodelsmultilingualchainofthought,
      title={{Language Models are Multilingual Chain-of-Thought Reasoners}}, 
      author={Freda Shi and Mirac Suzgun and Markus Freitag and Xuezhi Wang and Suraj Srivats and Soroush Vosoughi and Hyung Won Chung and Yi Tay and Sebastian Ruder and Denny Zhou and Dipanjan Das and Jason Wei},
      year={2022},
      eprint={2210.03057},
      archivePrefix={arXiv},
      primaryClass={cs.CL},
      url={https://arxiv.org/abs/2210.03057}, 
}

@misc{hasan2021xlsumlargescalemultilingualabstractive,
      title={{XL-Sum: Large-Scale Multilingual Abstractive Summarization for 44 Languages}}, 
      author={Tahmid Hasan and Abhik Bhattacharjee and Md Saiful Islam and Kazi Samin and Yuan-Fang Li and Yong-Bin Kang and M. Sohel Rahman and Rifat Shahriyar},
      year={2021},
      eprint={2106.13822},
      archivePrefix={arXiv},
      primaryClass={cs.CL},
      url={https://arxiv.org/abs/2106.13822}, 
}

@article{hu2020xtreme,
      author    = {Junjie Hu and Sebastian Ruder and Aditya Siddhant and Graham Neubig and Orhan Firat and Melvin Johnson},
      title     = {{XTREME: A Massively Multilingual Multi-task Benchmark for Evaluating Cross-lingual Generalization}},
      journal   = {CoRR},
      volume    = {abs/2003.11080},
      year      = {2020},
      archivePrefix = {arXiv},
      eprint    = {2003.11080}
}

@inproceedings{ruder-etal-2023-xtreme,
    title = {{XTREME-UP: A User-Centric Scarce-Data Benchmark for Under-Represented Languages}},
    author = "Ruder, Sebastian  and
      Clark, Jonathan  and
      Gutkin, Alexander  and
      Kale, Mihir  and
      Ma, Min  and
      Nicosia, Massimo  and
      Rijhwani, Shruti  and
      Riley, Parker  and
      Sarr, Jean-Michel  and
      Wang, Xinyi  and
      Wieting, John  and
      Gupta, Nitish  and
      Katanova, Anna  and
      Kirov, Christo  and
      Dickinson, Dana  and
      Roark, Brian  and
      Samanta, Bidisha  and
      Tao, Connie  and
      Adelani, David  and
      Axelrod, Vera  and
      Caswell, Isaac  and
      Cherry, Colin  and
      Garrette, Dan  and
      Ingle, Reeve  and
      Johnson, Melvin  and
      Panteleev, Dmitry  and
      Talukdar, Partha",
    editor = "Bouamor, Houda  and
      Pino, Juan  and
      Bali, Kalika",
    booktitle = "Findings of the Association for Computational Linguistics: EMNLP 2023",
    month = dec,
    year = "2023",
    address = "Singapore",
    publisher = "Association for Computational Linguistics",
    url = "https://aclanthology.org/2023.findings-emnlp.125/",
    doi = "10.18653/v1/2023.findings-emnlp.125",
    pages = "1856--1884",
}

@article{clark-etal-2020-tydi,
    title = {{TyDi QA: A Benchmark for Information-Seeking Question Answering in Typologically Diverse Languages}},
    author = "Clark, Jonathan H.  and
      Choi, Eunsol  and
      Collins, Michael  and
      Garrette, Dan  and
      Kwiatkowski, Tom  and
      Nikolaev, Vitaly  and
      Palomaki, Jennimaria",
    editor = "Johnson, Mark  and
      Roark, Brian  and
      Nenkova, Ani",
    journal = "Transactions of the Association for Computational Linguistics",
    volume = "8",
    year = "2020",
    address = "Cambridge, MA",
    publisher = "MIT Press",
    url = "https://aclanthology.org/2020.tacl-1.30/",
    doi = "10.1162/tacl_a_00317",
    pages = "454--470",
}

@article{marcus-etal-1993-building,
    title = {{Building a Large Annotated Corpus of English: The Penn Treebank}},
    author = "Marcus, Mitchell P.  and
      Santorini, Beatrice  and
      Marcinkiewicz, Mary Ann",
    editor = "Hirschberg, Julia",
    journal = "Computational Linguistics",
    volume = "19",
    number = "2",
    year = "1993",
    address = "Cambridge, MA",
    publisher = "MIT Press",
    url = "https://aclanthology.org/J93-2004/",
    pages = "313--330"
}

@inproceedings{rajpurkar-etal-2016-squad,
    title = {{SQuAD: 100,000+ Questions for Machine Comprehension of Text}},
    author = "Rajpurkar, Pranav  and
      Zhang, Jian  and
      Lopyrev, Konstantin  and
      Liang, Percy",
    editor = "Su, Jian  and
      Duh, Kevin  and
      Carreras, Xavier",
    booktitle = "Proceedings of the 2016 Conference on Empirical Methods in Natural Language Processing",
    month = nov,
    year = "2016",
    address = "Austin, Texas",
    publisher = "Association for Computational Linguistics",
    url = "https://aclanthology.org/D16-1264/",
    doi = "10.18653/v1/D16-1264",
    pages = "2383--2392"
}

@INPROCEEDINGS{5206848,
  author={Deng, Jia and Dong, Wei and Socher, Richard and Li, Li-Jia and Kai Li and Li Fei-Fei},
  booktitle={2009 IEEE Conference on Computer Vision and Pattern Recognition}, 
  title={{ImageNet: A large-scale hierarchical image database}}, 
  year={2009},
  volume={},
  number={},
  pages={248-255},
  keywords={Large-scale systems;Image databases;Explosions;Internet;Robustness;Information retrieval;Image retrieval;Multimedia databases;Ontologies;Spine},
  doi={10.1109/CVPR.2009.5206848}}

@article{sutskever2014sequence,
  title={{Sequence to Sequence Learning with Neural Networks}},
  author={Sutskever, I},
  journal={arXiv preprint arXiv:1409.3215},
  year={2014}
}

@inproceedings{Vaswani2017AttentionIA,
  title={{Attention is All you Need}},
  author={Ashish Vaswani and Noam M. Shazeer and Niki Parmar and Jakob Uszkoreit and Llion Jones and Aidan N. Gomez and Lukasz Kaiser and Illia Polosukhin},
  booktitle={Neural Information Processing Systems},
  year={2017},
  url={https://api.semanticscholar.org/CorpusID:13756489}
}

@inproceedings{
alves2024tower,
title={{Tower: An Open Multilingual Large Language Model for Translation-Related Tasks}},
author={Duarte Miguel Alves and Jos{\'e} Pombal and Nuno M Guerreiro and Pedro Henrique Martins and Jo{\~a}o Alves and Amin Farajian and Ben Peters and Ricardo Rei and Patrick Fernandes and Sweta Agrawal and Pierre Colombo and Jos{\'e} G. C. de Souza and Andre Martins},
booktitle={First Conference on Language Modeling},
year={2024},
url={https://openreview.net/forum?id=EHPns3hVkj}
}

@inproceedings{rei-etal-2023-scaling,
    title = {{Scaling up CometKiwi: Unbabel-IST 2023 Submission for the Quality Estimation Shared Task}},
    author = "Rei, Ricardo  and
      Guerreiro, Nuno M.  and
      Pombal, Jos{\'e}  and
      van Stigt, Daan  and
      Treviso, Marcos  and
      Coheur, Luisa  and
      C. de Souza, Jos{\'e} G.  and
      Martins, Andr{\'e}",
    editor = "Koehn, Philipp  and
      Haddow, Barry  and
      Kocmi, Tom  and
      Monz, Christof",
    booktitle = "Proceedings of the Eighth Conference on Machine Translation",
    month = dec,
    year = "2023",
    address = "Singapore",
    publisher = "Association for Computational Linguistics",
    url = "https://aclanthology.org/2023.wmt-1.73/",
    doi = "10.18653/v1/2023.wmt-1.73",
    pages = "841--848",
}

@book{noreen1989computer,
  title={{Computer-Intensive Methods for Testing Hypotheses}},
  author={Noreen, Eric W},
  year={1989},
  publisher={Wiley New York}
}

@inproceedings{rei-etal-2024-tower,
    title = {{Tower v2: Unbabel-IST 2024 Submission for the General MT Shared Task}},
    author = "Rei, Ricardo  and
      Pombal, Jose  and
      Guerreiro, Nuno M.  and
      Alves, Jo{\~a}o  and
      Martins, Pedro Henrique  and
      Fernandes, Patrick  and
      Wu, Helena  and
      Vaz, Tania  and
      Alves, Duarte  and
      Farajian, Amin  and
      Agrawal, Sweta  and
      Farinhas, Antonio  and
      C. De Souza, Jos{\'e} G.  and
      Martins, Andr{\'e}",
    editor = "Haddow, Barry  and
      Kocmi, Tom  and
      Koehn, Philipp  and
      Monz, Christof",
    booktitle = "Proceedings of the Ninth Conference on Machine Translation",
    month = nov,
    year = "2024",
    address = "Miami, Florida, USA",
    publisher = "Association for Computational Linguistics",
    url = "https://aclanthology.org/2024.wmt-1.12/",
    doi = "10.18653/v1/2024.wmt-1.12",
    pages = "185--204",
}

@inproceedings{salesky-etal-2021-robust,
    title = "Robust Open-Vocabulary Translation from Visual Text Representations",
    author = "Salesky, Elizabeth  and
      Etter, David  and
      Post, Matt",
    editor = "Moens, Marie-Francine  and
      Huang, Xuanjing  and
      Specia, Lucia  and
      Yih, Scott Wen-tau",
    booktitle = "Proceedings of the 2021 Conference on Empirical Methods in Natural Language Processing",
    month = nov,
    year = "2021",
    address = "Online and Punta Cana, Dominican Republic",
    publisher = "Association for Computational Linguistics",
    url = "https://aclanthology.org/2021.emnlp-main.576/",
    doi = "10.18653/v1/2021.emnlp-main.576",
    pages = "7235--7252",
}


@InProceedings{pmlr-v202-lee23g,
  title = 	 {{P}ix2{S}truct: Screenshot Parsing as Pretraining for Visual Language Understanding},
  author =       {Lee, Kenton and Joshi, Mandar and Turc, Iulia Raluca and Hu, Hexiang and Liu, Fangyu and Eisenschlos, Julian Martin and Khandelwal, Urvashi and Shaw, Peter and Chang, Ming-Wei and Toutanova, Kristina},
  booktitle = 	 {Proceedings of the 40th International Conference on Machine Learning},
  pages = 	 {18893--18912},
  year = 	 {2023},
  editor = 	 {Krause, Andreas and Brunskill, Emma and Cho, Kyunghyun and Engelhardt, Barbara and Sabato, Sivan and Scarlett, Jonathan},
  volume = 	 {202},
  series = 	 {Proceedings of Machine Learning Research},
  month = 	 {23--29 Jul},
  publisher =    {PMLR},
  pdf = 	 {https://proceedings.mlr.press/v202/lee23g/lee23g.pdf},
  url = 	 {https://proceedings.mlr.press/v202/lee23g.html},
}

@inproceedings{salesky-etal-2024-benchmarking,
    title = "Benchmarking Visually-Situated Translation of Text in Natural Images",
    author = "Salesky, Elizabeth  and
      Koehn, Philipp  and
      Post, Matt",
    editor = "Haddow, Barry  and
      Kocmi, Tom  and
      Koehn, Philipp  and
      Monz, Christof",
    booktitle = "Proceedings of the Ninth Conference on Machine Translation",
    month = nov,
    year = "2024",
    address = "Miami, Florida, USA",
    publisher = "Association for Computational Linguistics",
    url = "https://aclanthology.org/2024.wmt-1.115/",
    doi = "10.18653/v1/2024.wmt-1.115",
    pages = "1167--1182",
}

@inproceedings{rust2023language,
    title={Language Modelling with Pixels},
    author={Phillip Rust and Jonas F. Lotz and Emanuele Bugliarello and Elizabeth Salesky and Miryam de Lhoneux and Desmond Elliott},
    booktitle={The Eleventh International Conference on Learning Representations },
    year={2023},
    url={https://openreview.net/forum?id=FkSp8VW8RjH}
}