@article{Artetxe:etal:2019,
      author    = {Mikel Artetxe and Sebastian Ruder and Dani Yogatama},
      title     = {{On the cross-lingual transferability of monolingual representations}},
      journal   = {CoRR},
      volume    = {abs/1910.11856},
      year      = {2019},
      archivePrefix = {arXiv},
      eprint    = {1910.11856}
}

@article{clark-etal-2020-tydi,
    title = {{TyDi QA: A Benchmark for Information-Seeking Question Answering in Typologically Diverse Languages}},
    author = "Clark, Jonathan H.  and
      Choi, Eunsol  and
      Collins, Michael  and
      Garrette, Dan  and
      Kwiatkowski, Tom  and
      Nikolaev, Vitaly  and
      Palomaki, Jennimaria",
    editor = "Johnson, Mark  and
      Roark, Brian  and
      Nenkova, Ani",
    journal = "Transactions of the Association for Computational Linguistics",
    volume = "8",
    year = "2020",
    address = "Cambridge, MA",
    publisher = "MIT Press",
    url = "https://aclanthology.org/2020.tacl-1.30/",
    doi = "10.1162/tacl_a_00317",
    pages = "454--470",
}

@inproceedings{flores101,
  title={{The FLORES-101  Evaluation Benchmark for Low-Resource and Multilingual Machine Translation}},
  author={Goyal, Naman and Gao, Cynthia and Chaudhary, Vishrav and Chen, Peng-Jen and Wenzek, Guillaume and Ju, Da and Krishnan, Sanjana and Ranzato, Marc'Aurelio and Guzm\'{a}n, Francisco and Fan, Angela},
  year={2021}
}

@misc{hasan2021xlsumlargescalemultilingualabstractive,
      title={{XL-Sum: Large-Scale Multilingual Abstractive Summarization for 44 Languages}}, 
      author={Tahmid Hasan and Abhik Bhattacharjee and Md Saiful Islam and Kazi Samin and Yuan-Fang Li and Yong-Bin Kang and M. Sohel Rahman and Rifat Shahriyar},
      year={2021},
      eprint={2106.13822},
      archivePrefix={arXiv},
      primaryClass={cs.CL},
      url={https://arxiv.org/abs/2106.13822}, 
}

@article{hu2020xtreme,
      author    = {Junjie Hu and Sebastian Ruder and Aditya Siddhant and Graham Neubig and Orhan Firat and Melvin Johnson},
      title     = {{XTREME: A Massively Multilingual Multi-task Benchmark for Evaluating Cross-lingual Generalization}},
      journal   = {CoRR},
      volume    = {abs/2003.11080},
      year      = {2020},
      archivePrefix = {arXiv},
      eprint    = {2003.11080}
}

@inproceedings{kocmi-etal-2024-findings,
    title = {{Findings of the WMT24 General Machine Translation Shared Task: The LLM Era Is Here but MT Is Not Solved Yet}},
    author = "Kocmi, Tom  and
      Avramidis, Eleftherios  and
      Bawden, Rachel  and
      Bojar, Ond{\v{r}}ej  and
      Dvorkovich, Anton  and
      Federmann, Christian  and
      Fishel, Mark  and
      Freitag, Markus  and
      Gowda, Thamme  and
      Grundkiewicz, Roman  and
      Haddow, Barry  and
      Karpinska, Marzena  and
      Koehn, Philipp  and
      Marie, Benjamin  and
      Monz, Christof  and
      Murray, Kenton  and
      Nagata, Masaaki  and
      Popel, Martin  and
      Popovi{\'c}, Maja  and
      Shmatova, Mariya  and
      Steingr{\'i}msson, Steinth{\'o}r  and
      Zouhar, Vil{\'e}m",
    editor = "Haddow, Barry  and
      Kocmi, Tom  and
      Koehn, Philipp  and
      Monz, Christof",
    booktitle = "Proceedings of the Ninth Conference on Machine Translation",
    month = nov,
    year = "2024",
    address = "Miami, Florida, USA",
    publisher = "Association for Computational Linguistics",
    url = "https://aclanthology.org/2024.wmt-1.1/",
    doi = "10.18653/v1/2024.wmt-1.1",
    pages = "1--46",
}

@article{nllb2022,
  author    = {NLLB Team, Marta R. Costa-jussà, James Cross, Onur Çelebi, Maha Elbayad, Kenneth Heafield, Kevin Heffernan, Elahe Kalbassi,  Janice Lam, Daniel Licht, Jean Maillard, Anna Sun, Skyler Wang, Guillaume Wenzek, Al Youngblood, Bapi Akula, Loic Barrault, Gabriel Mejia Gonzalez, Prangthip Hansanti, John Hoffman, Semarley Jarrett, Kaushik Ram Sadagopan, Dirk Rowe, Shannon Spruit, Chau Tran, Pierre Andrews, Necip Fazil Ayan, Shruti Bhosale, Sergey Edunov, Angela Fan, Cynthia Gao, Vedanuj Goswami, Francisco Guzmán, Philipp Koehn, Alexandre Mourachko, Christophe Ropers, Safiyyah Saleem, Holger Schwenk, Jeff Wang},
  title     = {{No Language Left Behind: Scaling Human-Centered Machine Translation}},
  year      = {2022},
  url = {https://arxiv.org/abs/2207.04672}
}

@inproceedings{ruder-etal-2023-xtreme,
    title = {{XTREME-UP: A User-Centric Scarce-Data Benchmark for Under-Represented Languages}},
    author = "Ruder, Sebastian  and
      Clark, Jonathan  and
      Gutkin, Alexander  and
      Kale, Mihir  and
      Ma, Min  and
      Nicosia, Massimo  and
      Rijhwani, Shruti  and
      Riley, Parker  and
      Sarr, Jean-Michel  and
      Wang, Xinyi  and
      Wieting, John  and
      Gupta, Nitish  and
      Katanova, Anna  and
      Kirov, Christo  and
      Dickinson, Dana  and
      Roark, Brian  and
      Samanta, Bidisha  and
      Tao, Connie  and
      Adelani, David  and
      Axelrod, Vera  and
      Caswell, Isaac  and
      Cherry, Colin  and
      Garrette, Dan  and
      Ingle, Reeve  and
      Johnson, Melvin  and
      Panteleev, Dmitry  and
      Talukdar, Partha",
    editor = "Bouamor, Houda  and
      Pino, Juan  and
      Bali, Kalika",
    booktitle = "Findings of the Association for Computational Linguistics: EMNLP 2023",
    month = dec,
    year = "2023",
    address = "Singapore",
    publisher = "Association for Computational Linguistics",
    url = "https://aclanthology.org/2023.findings-emnlp.125/",
    doi = "10.18653/v1/2023.findings-emnlp.125",
    pages = "1856--1884",
}

@inproceedings{sai-b-etal-2023-indicmt,
    title = {{IndicMT Eval: A Dataset to Meta-Evaluate Machine Translation Metrics for Indian Languages}},
    author = "Sai B, Ananya  and
      Dixit, Tanay  and
      Nagarajan, Vignesh  and
      Kunchukuttan, Anoop  and
      Kumar, Pratyush  and
      Khapra, Mitesh M.  and
      Dabre, Raj",
    editor = "Rogers, Anna  and
      Boyd-Graber, Jordan  and
      Okazaki, Naoaki",
    booktitle = "Proceedings of the 61st Annual Meeting of the Association for Computational Linguistics (Volume 1: Long Papers)",
    month = jul,
    year = "2023",
    address = "Toronto, Canada",
    publisher = "Association for Computational Linguistics",
    url = "https://aclanthology.org/2023.acl-long.795/",
    doi = "10.18653/v1/2023.acl-long.795",
    pages = "14210--14228",
}

@misc{shi2022languagemodelsmultilingualchainofthought,
      title={{Language Models are Multilingual Chain-of-Thought Reasoners}}, 
      author={Freda Shi and Mirac Suzgun and Markus Freitag and Xuezhi Wang and Suraj Srivats and Soroush Vosoughi and Hyung Won Chung and Yi Tay and Sebastian Ruder and Denny Zhou and Dipanjan Das and Jason Wei},
      year={2022},
      eprint={2210.03057},
      archivePrefix={arXiv},
      primaryClass={cs.CL},
      url={https://arxiv.org/abs/2210.03057}, 
}

@inproceedings{singh-etal-2024-indicgenbench,
    title = {{IndicGenBench: A Multilingual Benchmark to Evaluate Generation Capabilities of LLMs on Indic Languages}},
    author = "Singh, Harman  and
      Gupta, Nitish  and
      Bharadwaj, Shikhar  and
      Tewari, Dinesh  and
      Talukdar, Partha",
    editor = "Ku, Lun-Wei  and
      Martins, Andre  and
      Srikumar, Vivek",
    booktitle = "Proceedings of the 62nd Annual Meeting of the Association for Computational Linguistics (Volume 1: Long Papers)",
    month = aug,
    year = "2024",
    address = "Bangkok, Thailand",
    publisher = "Association for Computational Linguistics",
    url = "https://aclanthology.org/2024.acl-long.595/",
    doi = "10.18653/v1/2024.acl-long.595",
    pages = "11047--11073",
}

@misc{singh2024globalmmluunderstandingaddressing,
      title={{Global MMLU: Understanding and Addressing Cultural and Linguistic Biases in Multilingual Evaluation}}, 
      author={Shivalika Singh and Angelika Romanou and Clémentine Fourrier and David I. Adelani and Jian Gang Ngui and Daniel Vila-Suero and Peerat Limkonchotiwat and Kelly Marchisio and Wei Qi Leong and Yosephine Susanto and Raymond Ng and Shayne Longpre and Wei-Yin Ko and Madeline Smith and Antoine Bosselut and Alice Oh and Andre F. T. Martins and Leshem Choshen and Daphne Ippolito and Enzo Ferrante and Marzieh Fadaee and Beyza Ermis and Sara Hooker},
      year={2024},
      eprint={2412.03304},
      archivePrefix={arXiv},
      primaryClass={cs.CL},
      url={https://arxiv.org/abs/2412.03304}, 
}

@inproceedings{wang-etal-2024-afrimte,
    title = {{AfriMTE and AfriCOMET: Enhancing COMET to Embrace Under-resourced African Languages}},
    author = "Wang, Jiayi  and
      Adelani, David  and
      Agrawal, Sweta  and
      Masiak, Marek  and
      Rei, Ricardo  and
      Briakou, Eleftheria  and
      Carpuat, Marine  and
      He, Xuanli  and
      Bourhim, Sofia  and
      Bukula, Andiswa  and
      Mohamed, Muhidin  and
      Olatoye, Temitayo  and
      Adewumi, Tosin  and
      Mokayed, Hamam  and
      Mwase, Christine  and
      Kimotho, Wangui  and
      Yuehgoh, Foutse  and
      Aremu, Anuoluwapo  and
      Ojo, Jessica  and
      Muhammad, Shamsuddeen  and
      Osei, Salomey  and
      Omotayo, Abdul-Hakeem  and
      Chukwuneke, Chiamaka  and
      Ogayo, Perez  and
      Hourrane, Oumaima  and
      El Anigri, Salma  and
      Ndolela, Lolwethu  and
      Mangwana, Thabiso  and
      Mohamed, Shafie  and
      Ayinde, Hassan  and
      Awoyomi, Oluwabusayo  and
      Alkhaled, Lama  and
      Al-azzawi, Sana  and
      Etori, Naome  and
      Ochieng, Millicent  and
      Siro, Clemencia  and
      Kiragu, Njoroge  and
      Muchiri, Eric  and
      Kimotho, Wangari  and
      Sakayo, Toadoum Sari  and
      Wamba, Lyse Naomi  and
      Abolade, Daud  and
      Ajao, Simbiat  and
      Shode, Iyanuoluwa  and
      Macharm, Ricky  and
      Iro, Ruqayya  and
      Abdullahi, Saheed  and
      Moore, Stephen  and
      Opoku, Bernard  and
      Akinjobi, Zainab  and
      Afolabi, Abeeb  and
      Obiefuna, Nnaemeka  and
      Ogbu, Onyekachi  and
      Ochieng{'}, Sam  and
      Otiende, Verrah  and
      Mbonu, Chinedu  and
      Lu, Yao  and
      Stenetorp, Pontus",
    editor = "Duh, Kevin  and
      Gomez, Helena  and
      Bethard, Steven",
    booktitle = "Proceedings of the 2024 Conference of the North American Chapter of the Association for Computational Linguistics: Human Language Technologies (Volume 1: Long Papers)",
    month = jun,
    year = "2024",
    address = "Mexico City, Mexico",
    publisher = "Association for Computational Linguistics",
    url = "https://aclanthology.org/2024.naacl-long.334/",
    doi = "10.18653/v1/2024.naacl-long.334",
    pages = "5997--6023",
}

