@inproceedings{2022ranking,
  title={Ranking info noise contrastive estimation: Boosting contrastive learning via ranked positives},
  author={Hoffmann, David T and Behrmann, Nadine and Gall, Juergen and Brox, Thomas and Noroozi, Mehdi},
  booktitle={AAAI},
  volume={36},
  number={1},
  pages={897--905},
  year={2022}
}

@article{AdelfioS13,
  author       = {Marco D. Adelfio and
                  Hanan Samet},
  title        = {Schema Extraction for Tabular Data on the Web},
  journal      = {Proc. {VLDB} Endow.},
  volume       = {6},
  number       = {6},
  pages        = {421--432},
  year         = {2013}
}

@inproceedings{Aurum,
  author       = {Raul Castro Fernandez and
                  Ziawasch Abedjan and
                  Famien Koko and
                  Gina Yuan and
                  Samuel Madden and
                  Michael Stonebraker},
  title        = {Aurum: {A} Data Discovery System},
  booktitle    =  {ICDE},              
  pages        = {1001--1012},
  year         = {2018} 
}

@inproceedings{BrickleyBN19,
  author       = {Dan Brickley and
                  Matthew Burgess and
                  Natasha F. Noy},
  title        = {Google Dataset Search: Building a search engine for datasets in an
                  open Web ecosystem},
  booktitle    = {WWW},
  pages        = {1365--1375},
  year         = {2019}
}

@article{ChavezNBM01,
  author       = {Edgar Ch{\'{a}}vez and
                  Gonzalo Navarro and
                  Ricardo A. Baeza{-}Yates and
                  Jos{\'{e}} L. Marroqu{\'{\i}}n},
  title        = {Searching in metric spaces},
  journal      = {{ACM} Comput. Surv.},
  volume       = {33},
  number       = {3},
  pages        = {273--321},
  year         = {2001}
}

@inproceedings{Correlation,
  author       = {A{\'{e}}cio S. R. Santos and
                  Aline Bessa and
                  Fernando Chirigati and
                  Christopher Musco and
                  Juliana Freire},
 
  title        = {Correlation Sketches for Approximate Join-Correlation Queries},
  booktitle    =  {SIGMOD},
  pages        = {1531--1544},
  year         = {2021}
}

@article{CrossDataDis,
  author       = {Mohamed Y. Eltabakh and
                  Mayuresh Kunjir and
                  Ahmed K. Elmagarmid and
                  Mohammad Shahmeer Ahmad},
  title        = {Cross Modal Data Discovery over Structured and Unstructured Data Lakes},
  journal      = {Proc. {VLDB} Endow.},
  volume       = {16},
  number       = {11},
  pages        = {3377--3390},
  year         = {2023}
}

@inproceedings{DatasetDiscovery,
  author       = {Alex Bogatu and
                  Alvaro A. A. Fernandes and
                  Norman W. Paton and
                  Nikolaos Konstantinou},
  title        = {Dataset Discovery in Data Lakes},
  booktitle    =  {ICDE},
  pages        = {709--720},
  year         = {2020}
  
}

@article{Deepjoin,
  author       = {Yuyang Dong and
                  Chuan Xiao and
                  Takuma Nozawa and
                  Masafumi Enomoto and
                  Masafumi Oyamada},
  title        = {DeepJoin: Joinable Table Discovery with Pre-trained Language Models},
  journal      = {Proc. {VLDB} Endow.},
  volume       = {16},
  number       = {10},
  pages        = {2458--2470},
  year         = {2023}
}

@article{E5-Base-4k,
  title={LongEmbed: Extending Embedding Models for Long Context Retrieval},
  author={Zhu, Dawei and Wang, Liang and Yang, Nan and Song, Yifan and Wu, Wenhao and Wei, Furu and Li, Sujian},
  journal={arXiv preprint arXiv:2404.12096},
  year={2024}
}

@article{Ember,
  author       = {Sahaana Suri and
                  Ihab F. Ilyas and
                  Christopher R{\'{e}} and
                  Theodoros Rekatsinas},
  title        = {Ember: No-Code Context Enrichment via Similarity-Based Keyless Joins},
  journal      = {Proc. {VLDB} Endow.},
  volume       = {15},
  number       = {3},
  pages        = {699--712},
  year         = {2021},
  url          = {http://www.vldb.org/pvldb/vol15/p699-suri.pdf},
  doi          = {10.14778/3494124.3494149},
  timestamp    = {Thu, 21 Apr 2022 17:09:21 +0200},
  biburl       = {https://dblp.org/rec/journals/pvldb/SuriIRR21.bib},
  bibsource    = {dblp computer science bibliography, https://dblp.org}
}

@inproceedings{JOSIE,
  author       = {Erkang Zhu and
                  Dong Deng and
                  Fatemeh Nargesian and
                  Ren{\'{e}}e J. Miller},
   
  title        = {{JOSIE:} Overlap Set Similarity Search for Finding Joinable Tables in Data Lakes},
  booktitle    =  {SIGMOD},
  
  pages        = {847--864},
  year         = {2019}
}

@inproceedings{KimKCK20,
  author       = {Sungyeon Kim and
                  Dongwon Kim and
                  Minsu Cho and
                  Suha Kwak},
  title        = {Proxy Anchor Loss for Deep Metric Learning},
  booktitle    = {CVPR},
  pages        = {3235--3244},
  year         = {2020}
}

@article{LSH,
  author       = {Erkang Zhu and
                  Fatemeh Nargesian and
                  Ken Q. Pu and
                  Ren{\'{e}}e J. Miller},
  title        = {{LSH} Ensemble: Internet-Scale Domain Search},
  journal      = {Proc. {VLDB} Endow.},
  volume       = {9},
  number       = {12},
  pages        = {1185--1196},
  year         = {2016}
}

@inproceedings{LiangZWA21,
  author       = {Paul Pu Liang and
                  Manzil Zaheer and
                  Yuan Wang and
                  Amr Ahmed},
  title        = {Anchor {\&} Transform: Learning Sparse Embeddings for Large Vocabularies},
  booktitle    = {ICLR},
  year         = {2021}
}

@article{MATE,
  author       = {Mahdi Esmailoghli and
                  Jorge{-}Arnulfo Quian{\'{e}}{-}Ruiz and
                  Ziawasch Abedjan},
  title        = {{MATE:} Multi-Attribute Table Extraction},
  journal      = {Proc. {VLDB} Endow.},
  volume       = {15},
  number       = {8},
  pages        = {1684--1696},
  year         = {2022}
}

@inproceedings{Moco,
  author       = {Kaiming He and
                  Haoqi Fan and
                  Yuxin Wu and
                  Saining Xie and
                  Ross B. Girshick},
  title        = {Momentum Contrast for Unsupervised Visual Representation Learning},
  booktitle    =   {CVPR} ,
  pages        = {9726--9735},
  year         = {2020}
}

@inproceedings{Pexeso,
  author       = {Yuyang Dong and
                  Kunihiro Takeoka and
                  Chuan Xiao and
                  Masafumi Oyamada},
  title        = {Efficient Joinable Table Discovery in Data Lakes: {A} High-Dimensional Similarity-Based Approach},
  booktitle    =  {ICDE},
 
  pages        = {456--467},
 
  year         = {2021}
}

@article{Pylon,
  author       = {Tianji Cong and
                  Fatemeh Nargesian and
                  H. V. Jagadish},
  title        = {Pylon: Semantic Table Union Search in Data Lakes},
  journal      = {CoRR},
  volume       = {abs/2301.04901},
  year         = {2023}
}

@article{SilkMoth,
  author       = {Dong Deng and
                  Albert Kim and
                  Samuel Madden and
                  Michael Stonebraker},
  title        = {SilkMoth: An Efficient Method for Finding Related Sets with Maximum Matching Constraints},
  journal      = {Proc. {VLDB} Endow.},
  volume       = {10},
  number       = {10},
  pages        = {1082--1093},
  year         = {2017}
}

@inproceedings{Sudowoodo,
  author       = {Runhui Wang and
                  Yuliang Li and
                  Jin Wang},
  title        = {Sudowoodo: Contrastive Self-supervised Learning for Multi-purpose
                  Data Integration and Preparation},
  booktitle    = {ICDE},
  pages        = {1502--1515},
  year         = {2023} 
}

@article{TUS,
  author       = {Fatemeh Nargesian and
                  Erkang Zhu and
                  Ken Q. Pu and
                  Ren{\'{e}}e J. Miller},
  title        = {Table Union Search on Open Data},
  journal      = {Proc. {VLDB} Endow.},
  volume       = {11},
  number       = {7},
  pages        = {813--825},
  year         = {2018}
}

@inproceedings{TabelDiscovery,
  author       = {Grace Fan and
                  Jin Wang and
                  Yuliang Li and
                  Ren{\'{e}}e J. Miller},
  title        = {Table Discovery in Data Lakes: State-of-the-art and Future Directions},
  booktitle    =  {SIGMOD},
  pages        = {69--75},
  year         = {2023}
}

@inproceedings{WarpGate,
  author       = {Tianji Cong and
                  James Gale and
                  Jason Frantz and
                  H. V. Jagadish and
                  {\c{C}}agatay Demiralp},
  title        = {WarpGate: {A} Semantic Join Discovery System for Cloud Data Warehouses},    
 booktitle    =  {CIDR},
  year         = {2023} 
}

@article{Watchog,
  author       = {Zhengjie Miao and
                  Jin Wang},
  title        = {Watchog: {A} Light-weight Contrastive Learning based Framework for
                  Column Annotation},
  journal      = {Proc. {ACM} Manag. Data},
  volume       = {1},
  number       = {4},
  pages        = {272:1--272:24},
  year         = {2023}
}

@article{ZhuCGJ22,
  author       = {Yifan Zhu and
                  Lu Chen and
                  Yunjun Gao and
                  Christian S. Jensen},
  title        = {Pivot selection algorithms in metric spaces: a survey and experimental
                  study},
  journal      = {{VLDB} J.},
  volume       = {31},
  number       = {1},
  pages        = {23--47},
  year         = {2022}
}

@inproceedings{attention,
  author       = {Ashish Vaswani and
                  Noam Shazeer and
                  Niki Parmar and
                  Jakob Uszkoreit and
                  Llion Jones and
                  Aidan N. Gomez and
                  Lukasz Kaiser and
                  Illia Polosukhin},
  
  title        = {Attention is All you Need},
  booktitle    = {NIPS},
  pages        = {5998--6008},
  year         = {2017}
}

@article{badaro2023transformers,
  title={Transformers for Tabular Data Representation: A survey of models and applications},
  author={Badaro, Gilbert and Saeed, Mohammed and Papotti, Paolo},
  journal={TACL},
  volume={11},
  pages={227--249},
  year={2023}
}

@inproceedings{bert,
  author       = {Jacob Devlin and
                  Ming{-}Wei Chang and
                  Kenton Lee and
                  Kristina Toutanova},
 
  title        = {{BERT:} Pre-training of Deep Bidirectional Transformers for Language
                  Understanding},
  booktitle    = {NAACL-HLT},
  pages        = {4171--4186},
  year         = {2019} 
 }

@inproceedings{camper,
  author       = {Yuxiang Guo and
                  Lu Chen and
                  Zhengjie Zhou and
                  Baihua Zheng and
                  Ziquan Fang and
                  Zhikun Zhang and
                  Yuren Mao and
                  Yunjun Gao},
  title        = {CampER: An Effective Framework for Privacy-Aware Deep Entity Resolution},
  booktitle    = {SIGKDD},
  pages        = {626--637},
  publisher    = {{ACM}},
  year         = {2023}
}

@article{ditto,
  author       = {Yuliang Li and
                  Jinfeng Li and
                  Yoshihiko Suhara and
                  AnHai Doan and
                  Wang{-}Chiew Tan},
  title        = {Deep Entity Matching with Pre-Trained Language Models},
  journal      = {Proc. {VLDB} Endow.},
  volume       = {14},
  number       = {1},
  pages        = {50--60},
  year         = {2020}
}

@inproceedings{doduo,
  author       = {Yoshihiko Suhara and
                  Jinfeng Li and
                  Yuliang Li and
                  Dan Zhang and
                  {\c{C}}agatay Demiralp and
                  Chen Chen and
                  Wang{-}Chiew Tan},
  title        = {Annotating Columns with Pre-trained Language Models},
  booktitle    = {SIGMOD},
  pages        = {1493--1503},
  year         = {2022}
}

@article{fft,
  author       = {Dorit S. Hochbaum and
                  David B. Shmoys},
  title        = {A Best Possible Heuristic for the \emph{k}-Center Problem},
  journal      = {Math. Oper. Res.},
  volume       = {10},
  number       = {2},
  pages        = {180--184},
  year         = {1985} 
}

@inproceedings{koios,
  author       = {Pranay Mundra and
                  Jianhao Zhang and
                  Fatemeh Nargesian and
                  Nikolaus Augsten},
  title        = {Koios: Top-k Semantic Overlap Set Search},
  booktitle    = {ICDE},      
  pages        = {1531--1543},
  year         = {2023}
}

@article{metricsurvey,
  author       = {Lu Chen and
                  Yunjun Gao and
                  Xuan Song and
                  Zheng Li and
                  Yifan Zhu and
                  Xiaoye Miao and
                  Christian S. Jensen},
  title        = {Indexing Metric Spaces for Exact Similarity Search},
  journal      = {{ACM} Comput. Surv.},
  volume       = {55},
  number       = {6},
  pages        = {128:1--128:39},
  year         = {2023}
}

@article{omnimatch,
  title={OmniMatch: Effective Self-Supervised Any-Join Discovery in Tabular Data Repositories},
  author={Koutras, Christos and Zhang, Jiani and Qin, Xiao and Lei, Chuan and Ioannidis, Vasileios and Faloutsos, Christos and Karypis, George and Katsifodimos, Asterios},
  journal={arXiv preprint arXiv:2403.07653},
  year={2024}
}

@article{paton2023dataset,
  title={Dataset Discovery and Exploration: A Survey},
  author={Paton, Norman W and Chen, Jiaoyan and Wu, Zhenyu},
  journal={ACM Computing Surveys},
  volume={56},
  number={4},
  pages={1--37},
  year={2023}
}

@article{pca,
  author       = {Rui Mao and
                  Willard L. Miranker and
                  Daniel P. Miranker},
  title        = {Pivot selection: Dimension reduction for distance-based indexing},
  journal      = {J. Discrete Algorithms},
  volume       = {13},
  pages        = {32--46},
  year         = {2012}
}

@article{santos,
  author       = {Aamod Khatiwada and
                  Grace Fan and
                  Roee Shraga and
                  Zixuan Chen and
                  Wolfgang Gatterbauer and
                  Ren{\'{e}}e J. Miller and
                  Mirek Riedewald},
  title        = {{SANTOS:} Relationship-based Semantic Table Union Search},
  journal      = {Proc. {ACM} Manag. Data},
  volume       = {1},
  number       = {1},
  pages        = {9:1--9:25},
  year         = {2023}
}

@inproceedings{sentencebert,
  author       = {Nils Reimers and
                  Iryna Gurevych},
   
  title        = {Sentence-BERT: Sentence Embeddings using Siamese BERT-Networks},
  booktitle    = { EMNLP-IJCNLP}  ,
  pages        = {3980--3990},
  
  year         = {2019} 
  
}

@article{starmine,
  author       = {Grace Fan and
                  Jin Wang and
                  Yuliang Li and
                  Dan Zhang and
                  Ren{\'{e}}e J. Miller},
  title        = {Semantics-aware Dataset Discovery from Data Lakes with Contextualized
                  Column-based Representation Learning},
  journal      = {Proc. {VLDB} Endow.},
  volume       = {16},
  number       = {7},
  pages        = {1726--1739},
  year         = {2023}
}

@inproceedings{tabert,
title={TaBERT: Pretraining for Joint Understanding of Textual and Tabular Data},
author={Yin, Pengcheng and Neubig, Graham and Yih, Wen-tau and Riedel, Sebastian},
booktitle={ACL},
pages={8413--8426},
year={2020}
}

@article{tableembed,
  author       = {Tianji Cong and
                  Madelon Hulsebos and
                  Zhenjie Sun and
                  Paul Groth and
                  H. V. Jagadish},
  title        = {Observatory: Characterizing Embeddings of Relational Tables},
  journal      = {Proc. {VLDB} Endow.},
  volume       = {17},
  number       = {4},
  pages        = {849--862},
  year         = {2024}
}

@inproceedings{tapas,
  title={TaPas: Weakly Supervised Table Parsing via Pre-training},
  author={Herzig, Jonathan and Nowak, Pawel Krzysztof and Mueller, Thomas and Piccinno, Francesco and Eisenschlos, Julian},
  booktitle={ACL},
  pages={4320--4333},
  year={2020}
}

@article{turl,
  author       = {Xiang Deng and
                  Huan Sun and
                  Alyssa Lees and
                  You Wu and
                  Cong Yu},
  title        = {{TURL:} Table Understanding through Representation Learning},
  journal      = {Proc. {VLDB} Endow.},
  volume       = {14},
  number       = {3},
  pages        = {307--319},
  year         = {2020}
}

@inproceedings{yao2022pcl,
  title={Pcl: Proxy-based contrastive learning for domain generalization},
  author={Yao, Xufeng and Bai, Yang and Zhang, Xinyun and Zhang, Yuechen and Sun, Qi and Chen, Ran and Li, Ruiyu and Yu, Bei},
  booktitle={CVPR},
  pages={7097--7107},
  year={2022}
}

