
% Journals

% First the Full Name is given, then the abbreviation used in the AMS Math
% Reviews, with an indication if it could not be found there.
% Note the 2nd overwrites the 1st, so swap them if you want the full name.

 %{AMS}
 @String{AMSTrans = "American Mathematical Society Translations" }
 @String{AMSTrans = "Amer. Math. Soc. Transl." }
 @String{BullAMS = "Bulletin of the American Mathematical Society" }
 @String{BullAMS = "Bull. Amer. Math. Soc." }
 @String{ProcAMS = "Proceedings of the American Mathematical Society" }
 @String{ProcAMS = "Proc. Amer. Math. Soc." }
 @String{TransAMS = "Transactions of the American Mathematical Society" }
 @String{TransAMS = "Trans. Amer. Math. Soc." }

 %ACM
 @String{CACM = "Communications of the {ACM}" }
 @String{CACM = "Commun. {ACM}" }
 @String{CompServ = "Comput. Surveys" }
 @String{JACM = "J. ACM" }
 @String{ACMMathSoft = "{ACM} Transactions on Mathematical Software" }
 @String{ACMMathSoft = "{ACM} Trans. Math. Software" }
 @String{SIGNUM = "{ACM} {SIGNUM} Newsletter" }
 @String{SIGNUM = "{ACM} {SIGNUM} Newslett." }

 @String{AmerSocio = "American Journal of Sociology" }
 @String{AmerStatAssoc = "Journal of the American Statistical Association" }
 @String{AmerStatAssoc = "J. Amer. Statist. Assoc." }
 @String{ApplMathComp = "Applied Mathematics and Computation" }
 @String{ApplMathComp = "Appl. Math. Comput." }
 @String{AmerMathMonthly = "American Mathematical Monthly" }
 @String{AmerMathMonthly = "Amer. Math. Monthly" }
 @String{BIT = "{BIT}" }
 @String{BritStatPsych = "British Journal of Mathematical and Statistical
          Psychology" }
 @String{BritStatPsych = "Brit. J. Math. Statist. Psych." }
 @String{CanMathBull = "Canadian Mathematical Bulletin" }
 @String{CanMathBull = "Canad. Math. Bull." }
 @String{CompApplMath = "Journal of Computational and Applied Mathematics" }
 @String{CompApplMath = "J. Comput. Appl. Math." }
 @String{CompPhys = "Journal of Computational Physics" }
 @String{CompPhys = "J. Comput. Phys." }
 @String{CompStruct = "Computers and Structures" }
 @String{CompStruct = "Comput. \& Structures" }
 @String{CompJour = "The Computer Journal" }
 @String{CompJour = "Comput. J." }
 @String{CompSysSci = "Journal of Computer and System Sciences" }
 @String{CompSysSci = "J. Comput. System Sci." }
 @String{Computing = "Computing" }
 @String{ContempMath = "Contemporary Mathematics" }
 @String{ContempMath = "Contemp. Math." }
 @String{Crelle = "Crelle's Journal" }
 @String{GiornaleMath = "Giornale di Mathematiche" }
 @String{GiornaleMath = "Giorn. Mat." } % didn't find in AMS MR., ibid.

 %IEEE
 @String{Computer = "{IEEE} Computer" }
 @String{IEEETransComp = "{IEEE} Transactions on Computers" }
 @String{IEEETransComp = "{IEEE} Trans. Comput." }
 @String{IEEETransAC = "{IEEE} Transactions on Automatic Control" }
 @String{IEEETransAC = "{IEEE} Trans. Automat. Control" }
 @String{IEEESpec = "{IEEE} Spectrum" } % didn't find in AMS MR
 @String{ProcIEEE = "Proceedings of the {IEEE}" }
 @String{ProcIEEE = "Proc. {IEEE}" } % didn't find in AMS MR
 @String{IEEETransAeroElec = "{IEEE} Transactions on Aerospace and Electronic
     Systems" }
 @String{IEEETransAeroElec = "{IEEE} Trans. Aerospace Electron. Systems" }

 @String{IMANumerAna = "{IMA} Journal of Numerical Analysis" }
 @String{IMANumerAna = "{IMA} J. Numer. Anal." }
 @String{InfProcLet = "Information Processing Letters" }
 @String{InfProcLet = "Inform. Process. Lett." }
 @String{InstMathApp = "Journal of the Institute of Mathematics and
     its Applications" }
 @String{InstMathApp = "J. Inst. Math. Appl." }
 @String{IntControl = "International Journal of Control" }
 @String{IntControl = "Internat. J. Control" }
 @String{IntNumerEng = "International Journal for Numerical Methods in
     Engineering" }
 @String{IntNumerEng = "Internat. J. Numer. Methods Engrg." }
 @String{IntSuper = "International Journal of Supercomputing Applications" }
 @String{IntSuper = "Internat. J. Supercomputing Applic." } % didn't find
%% in AMS MR
 @String{Kibernetika = "Kibernetika" }
 @String{JResNatBurStand = "Journal of Research of the National Bureau
     of Standards" }
 @String{JResNatBurStand = "J. Res. Nat. Bur. Standards" }
 @String{LinAlgApp = "Linear Algebra and its Applications" }
 @String{LinAlgApp = "Linear Algebra Appl." }
 @String{MathAnaAppl = "Journal of Mathematical Analysis and Applications" }
 @String{MathAnaAppl = "J. Math. Anal. Appl." }
 @String{MathAnnalen = "Mathematische Annalen" }
 @String{MathAnnalen = "Math. Ann." }
 @String{MathPhys = "Journal of Mathematical Physics" }
 @String{MathPhys = "J. Math. Phys." }
 @String{MathComp = "Mathematics of Computation" }
 @String{MathComp = "Math. Comp." }
 @String{MathScand = "Mathematica Scandinavica" }
 @String{MathScand = "Math. Scand." }
 @String{TablesAidsComp = "Mathematical Tables and Other Aids to Computation" }
 @String{TablesAidsComp = "Math. Tables Aids Comput." }
 @String{NumerMath = "Numerische Mathematik" }
 @String{NumerMath = "Numer. Math." }
 @String{PacificMath = "Pacific Journal of Mathematics" }
 @String{PacificMath = "Pacific J. Math." }
 @String{ParDistComp = "Journal of Parallel and Distributed Computing" }
 @String{ParDistComp = "J. Parallel and Distrib. Comput." } % didn't find
%% in AMS MR
 @String{ParComputing = "Parallel Computing" }
 @String{ParComputing = "Parallel Comput." }
 @String{PhilMag = "Philosophical Magazine" }
 @String{PhilMag = "Philos. Mag." }
 @String{ProcNAS = "Proceedings of the National Academy of Sciences
                    of the USA" }
 @String{ProcNAS = "Proc. Nat. Acad. Sci. U. S. A." }
 @String{Psychometrika = "Psychometrika" }
 @String{QuartMath = "Quarterly Journal of Mathematics, Oxford, Series (2)" }
 @String{QuartMath = "Quart. J. Math. Oxford Ser. (2)" }
 @String{QuartApplMath = "Quarterly of Applied Mathematics" }
 @String{QuartApplMath = "Quart. Appl. Math." }
 @String{RevueInstStat = "Review of the International Statisical Institute" }
 @String{RevueInstStat = "Rev. Inst. Internat. Statist." }

 %SIAM
 @String{JSIAM = "Journal of the Society for Industrial and Applied
     Mathematics" }
 @String{JSIAM = "J. Soc. Indust. Appl. Math." }
 @String{JSIAMB = "Journal of the Society for Industrial and Applied
     Mathematics, Series B, Numerical Analysis" }
 @String{JSIAMB = "J. Soc. Indust. Appl. Math. Ser. B Numer. Anal." }
 @String{SIAMAlgMeth = "{SIAM} Journal on Algebraic and Discrete Methods" }
 @String{SIAMAlgMeth = "{SIAM} J. Algebraic Discrete Methods" }
 @String{SIAMAppMath = "{SIAM} Journal on Applied Mathematics" }
 @String{SIAMAppMath = "{SIAM} J. Appl. Math." }
 @String{SIAMComp = "{SIAM} Journal on Computing" }
 @String{SIAMComp = "{SIAM} J. Comput." }
 @String{SIAMMatrix = "{SIAM} Journal on Matrix Analysis and Applications" }
 @String{SIAMMatrix = "{SIAM} J. Matrix Anal. Appl." }
 @String{SIAMNumAnal = "{SIAM} Journal on Numerical Analysis" }
 @String{SIAMNumAnal = "{SIAM} J. Numer. Anal." }
 @String{SIAMReview = "{SIAM} Review" }
 @String{SIAMReview = "{SIAM} Rev." }
 @String{SIAMSciStat = "{SIAM} Journal on Scientific and Statistical
     Computing" }
 @String{SIAMSciStat = "{SIAM} J. Sci. Statist. Comput." }

 @String{SoftPracExp = "Software Practice and Experience" }
 @String{SoftPracExp = "Software Prac. Experience" } % didn't find in AMS MR
 @String{StatScience = "Statistical Science" }
 @String{StatScience = "Statist. Sci." }
 @String{Techno = "Technometrics" }
 @String{USSRCompMathPhys = "{USSR} Computational Mathematics and Mathematical
     Physics" }
 @String{USSRCompMathPhys = "{U. S. S. R.} Comput. Math. and Math. Phys." }
 @String{VLSICompSys = "Journal of {VLSI} and Computer Systems" }
 @String{VLSICompSys = "J. {VLSI} Comput. Syst." }
 @String{ZAngewMathMech = "Zeitschrift fur Angewandte Mathematik und
     Mechanik" }
 @String{ZAngewMathMech = "Z. Angew. Math. Mech." }
 @String{ZAngewMathPhys = "Zeitschrift fur Angewandte Mathematik und Physik" }
 @String{ZAngewMathPhys = "Z. Angew. Math. Phys." }

% Publishers % ================================================= |

 @String{Academic = "Academic Press" }
 @String{ACMPress = "{ACM} Press" }
 @String{AdamHilger = "Adam Hilger" }
 @String{AddisonWesley = "Addison-Wesley" }
 @String{AllynBacon = "Allyn and Bacon" }
 @String{AMS = "American Mathematical Society" }
 @String{Birkhauser = "Birkha{\"u}ser" }
 @String{CambridgePress = "Cambridge University Press" }
 @String{Chelsea = "Chelsea" }
 @String{ClaredonPress = "Claredon Press" }
 @String{DoverPub = "Dover Publications" }
 @String{Eyolles = "Eyolles" }
 @String{HoltRinehartWinston = "Holt, Rinehart and Winston" }
 @String{Interscience = "Interscience" }
 @String{JohnsHopkinsPress = "The Johns Hopkins University Press" }
 @String{JohnWileySons = "John Wiley and Sons" }
 @String{Macmillan = "Macmillan" }
 @String{MathWorks = "The Math Works Inc." }
 @String{McGrawHill = "McGraw-Hill" }
 @String{NatBurStd = "National Bureau of Standards" }
 @String{NorthHolland = "North-Holland" }
 @String{OxfordPress = "Oxford University Press" }  %address Oxford or London?
 @String{PergamonPress = "Pergamon Press" }
 @String{PlenumPress = "Plenum Press" }
 @String{PrenticeHall = "Prentice-Hall" }
 @String{SIAMPub = "{SIAM} Publications" }
 @String{Springer = "Springer-Verlag" }
 @String{TexasPress = "University of Texas Press" }
 @String{VanNostrand = "Van Nostrand" }
 @String{WHFreeman = "W. H. Freeman and Co." }

%Entries

@misc{Wikitable,
  author       = { Chandra Sekhar Bhagavatula and
                  Thanapon Noraset and
                  Doug Downey},
  title        = {Wikitables},
  year         = {2015},
  url          = {http://websail-fe.cs.
northwestern.edu/TabEL/}
}
@misc{Webtable,
  author       = {Dominique Ritze and
                    Oliver Lehmberg and
                    Robert Meusel and                    Christian Bizer and Sanikumar Zope},
  title        = {WDC web table corpus},
  url          = {http://webdatacommons.org/webtables/2015/downloadInstructions.html},
  year = {2015}
}

@inproceedings{TabelDiscovery,
  author       = {Grace Fan and
                  Jin Wang and
                  Yuliang Li and
                  Ren{\'{e}}e J. Miller},
  title        = {Table Discovery in Data Lakes: State-of-the-art and Future Directions},
  booktitle    =  {SIGMOD},
  pages        = {69--75},
  year         = {2023}
}

@article{KhatiwadaSGM22,
  author       = {Aamod Khatiwada and
                  Roee Shraga and
                  Wolfgang Gatterbauer and
                  Ren{\'{e}}e J. Miller},
  title        = {Integrating Data Lake Tables},
  journal      = {Proc. {VLDB} Endow.},
  volume       = {16},
  number       = {4},
  pages        = {932--945},
  year         = {2022}
}

@inproceedings{DongO22,
  author       = {Yuyang Dong and
                  Masafumi Oyamada},
  title        = {Table Enrichment System for Machine Learning},
  booktitle    = {SIGIR},
  pages        = {3267--3271},
  year         = {2022}
}

@article{DataAugmentation,
  author       = {Nadiia Chepurko and
                  Ryan Marcus and
                  Emanuel Zgraggen and
                  Raul Castro Fernandez and
                  Tim Kraska and
                  David R. Karger},
  title        = {{ARDA:} Automatic Relational Data Augmentation for Machine Learning},
  journal      = {Proc. {VLDB} Endow.},
  volume       = {13},
  number       = {9},
  pages        = {1373--1387},
  year         = {2020}
}

@inproceedings{JOSIE,
  author       = {Erkang Zhu and
                  Dong Deng and
                  Fatemeh Nargesian and
                  Ren{\'{e}}e J. Miller},
   
  title        = {{JOSIE:} Overlap Set Similarity Search for Finding Joinable Tables in Data Lakes},
  booktitle    =  {SIGMOD},
  
  pages        = {847--864},
  year         = {2019}
}

@article{LSH,
  author       = {Erkang Zhu and
                  Fatemeh Nargesian and
                  Ken Q. Pu and
                  Ren{\'{e}}e J. Miller},
  title        = {{LSH} Ensemble: Internet-Scale Domain Search},
  journal      = {Proc. {VLDB} Endow.},
  volume       = {9},
  number       = {12},
  pages        = {1185--1196},
  year         = {2016}
}

@article{Deepjoin,
  author       = {Yuyang Dong and
                  Chuan Xiao and
                  Takuma Nozawa and
                  Masafumi Enomoto and
                  Masafumi Oyamada},
  title        = {DeepJoin: Joinable Table Discovery with Pre-trained Language Models},
  journal      = {Proc. {VLDB} Endow.},
  volume       = {16},
  number       = {10},
  pages        = {2458--2470},
  year         = {2023}
}

@inproceedings{Pexeso,
  author       = {Yuyang Dong and
                  Kunihiro Takeoka and
                  Chuan Xiao and
                  Masafumi Oyamada},
  title        = {Efficient Joinable Table Discovery in Data Lakes: {A} High-Dimensional Similarity-Based Approach},
  booktitle    =  {ICDE},
 
  pages        = {456--467},
 
  year         = {2021}
}

@inproceedings{WarpGate,
  author       = {Tianji Cong and
                  James Gale and
                  Jason Frantz and
                  H. V. Jagadish and
                  {\c{C}}agatay Demiralp},
  title        = {WarpGate: {A} Semantic Join Discovery System for Cloud Data Warehouses},    
 booktitle    =  {CIDR},
  year         = {2023} 
}

@inproceedings{DatasetDiscovery,
  author       = {Alex Bogatu and
                  Alvaro A. A. Fernandes and
                  Norman W. Paton and
                  Nikolaos Konstantinou},
  title        = {Dataset Discovery in Data Lakes},
  booktitle    =  {ICDE},
  pages        = {709--720},
  year         = {2020}
  
}

@inproceedings{sentencebert,
  author       = {Nils Reimers and
                  Iryna Gurevych},
   
  title        = {Sentence-BERT: Sentence Embeddings using Siamese BERT-Networks},
  booktitle    = { EMNLP-IJCNLP}  ,
  pages        = {3980--3990},
  
  year         = {2019} 
  
}

@article{turl,
  author       = {Xiang Deng and
                  Huan Sun and
                  Alyssa Lees and
                  You Wu and
                  Cong Yu},
  title        = {{TURL:} Table Understanding through Representation Learning},
  journal      = {Proc. {VLDB} Endow.},
  volume       = {14},
  number       = {3},
  pages        = {307--319},
  year         = {2020}
}

@article{metricsurvey,
  author       = {Lu Chen and
                  Yunjun Gao and
                  Xuan Song and
                  Zheng Li and
                  Yifan Zhu and
                  Xiaoye Miao and
                  Christian S. Jensen},
  title        = {Indexing Metric Spaces for Exact Similarity Search},
  journal      = {{ACM} Comput. Surv.},
  volume       = {55},
  number       = {6},
  pages        = {128:1--128:39},
  year         = {2023}
}

@inproceedings{koios,
  author       = {Pranay Mundra and
                  Jianhao Zhang and
                  Fatemeh Nargesian and
                  Nikolaus Augsten},
  title        = {Koios: Top-k Semantic Overlap Set Search},
  booktitle    = {ICDE},      
  pages        = {1531--1543},
  year         = {2023}
}

@article{SilkMoth,
  author       = {Dong Deng and
                  Albert Kim and
                  Samuel Madden and
                  Michael Stonebraker},
  title        = {SilkMoth: An Efficient Method for Finding Related Sets with Maximum Matching Constraints},
  journal      = {Proc. {VLDB} Endow.},
  volume       = {10},
  number       = {10},
  pages        = {1082--1093},
  year         = {2017}
}

@inproceedings{Moco,
  author       = {Kaiming He and
                  Haoqi Fan and
                  Yuxin Wu and
                  Saining Xie and
                  Ross B. Girshick},
  title        = {Momentum Contrast for Unsupervised Visual Representation Learning},
  booktitle    =   {CVPR} ,
  pages        = {9726--9735},
  year         = {2020}
}

@article{semanticjoin,
  author       = {Yeye He and
                  Kris Ganjam and
                  Xu Chu},
  title        = {{SEMA-JOIN:} Joining Semantically-Related Tables Using Big Table Corpora},
  journal      = {Proc. {VLDB} Endow.},
  volume       = {8},
  number       = {12},
  pages        = {1358--1369},
  year         = {2015}
}

@inproceedings{autofuzzyjoin,
  author       = {Peng Li and
                  Xiang Cheng and
                  Xu Chu and
                  Yeye He and
                  Surajit Chaudhuri},
  title        = {Auto-FuzzyJoin: Auto-Program Fuzzy Similarity Joins Without Labeled
                  Examples},
  booktitle    = {SIGMOD},
  pages        = {1064--1076},
  year         = {2021}
}

@article{CTA1,
  author       = {Yushi Sun and
                  Hao Xin and
                  Lei Chen},
  title        = {{RECA:} Related Tables Enhanced Column Semantic Type Annotation Framework},
  journal      = {Proc. {VLDB} Endow.},
  volume       = {16},
  number       = {6},
  pages        = {1319--1331},
  year         = {2023}
}

@inproceedings{CTA2,
  author       = {Yoshihiko Suhara and
                  Jinfeng Li and
                  Yuliang Li and
                  Dan Zhang and
                  {\c{C}}agatay Demiralp and
                  Chen Chen and
                  Wang{-}Chiew Tan},
  title        = {Annotating Columns with Pre-trained Language Models},
  booktitle    = {SIGMOD},
  pages        = {1493--1503},
  year         = {2022} 
}


@article{tableembed,
  author       = {Tianji Cong and
                  Madelon Hulsebos and
                  Zhenjie Sun and
                  Paul Groth and
                  H. V. Jagadish},
  title        = {Observatory: Characterizing Embeddings of Relational Tables},
  journal      = {Proc. {VLDB} Endow.},
  volume       = {17},
  number       = {4},
  pages        = {849--862},
  year         = {2024}
}

@misc{fasttext,
  author       = { Facebook AI Research Lab. },
  title        = {fastText: Library for efcient text classifcation and
representation learning},
  year         = {2015},
  url          = {https://fasttext.cc/}
}

@inproceedings{camper,
  author       = {Yuxiang Guo and
                  Lu Chen and
                  Zhengjie Zhou and
                  Baihua Zheng and
                  Ziquan Fang and
                  Zhikun Zhang and
                  Yuren Mao and
                  Yunjun Gao},
  title        = {CampER: An Effective Framework for Privacy-Aware Deep Entity Resolution},
  booktitle    = {SIGKDD},
  pages        = {626--637},
  publisher    = {{ACM}},
  year         = {2023}
}

@article{TokenJoin,
  author       = {Alexandros Zeakis and
                  Dimitrios Skoutas and
                  Dimitris Sacharidis and
                  Odysseas Papapetrou and
                  Manolis Koubarakis},
  title        = {TokenJoin: Efficient Filtering for Set Similarity Join with Maximum
                  Weighted Bipartite Matching},
  journal      = {Proc. {VLDB} Endow.},
  volume       = {16},
  number       = {4},
  pages        = {790--802},
  year         = {2022}
}

@article{ChavezNBM01,
  author       = {Edgar Ch{\'{a}}vez and
                  Gonzalo Navarro and
                  Ricardo A. Baeza{-}Yates and
                  Jos{\'{e}} L. Marroqu{\'{\i}}n},
  title        = {Searching in metric spaces},
  journal      = {{ACM} Comput. Surv.},
  volume       = {33},
  number       = {3},
  pages        = {273--321},
  year         = {2001}
}

@article{ChenGLJC17,
  author       = {Lu Chen and
                  Yunjun Gao and
                  Xinhan Li and
                  Christian S. Jensen and
                  Gang Chen},
  title        = {Efficient Metric Indexing for Similarity Search and Similarity Joins},
  journal      = {TKDE},
  volume       = {29},
  number       = {3},
  pages        = {556--571},
  year         = {2017}
}

@article{ZhuCGJ22,
  author       = {Yifan Zhu and
                  Lu Chen and
                  Yunjun Gao and
                  Christian S. Jensen},
  title        = {Pivot selection algorithms in metric spaces: a survey and experimental
                  study},
  journal      = {{VLDB} J.},
  volume       = {31},
  number       = {1},
  pages        = {23--47},
  year         = {2022}
}

@article{starmine,
  author       = {Grace Fan and
                  Jin Wang and
                  Yuliang Li and
                  Dan Zhang and
                  Ren{\'{e}}e J. Miller},
  title        = {Semantics-aware Dataset Discovery from Data Lakes with Contextualized
                  Column-based Representation Learning},
  journal      = {Proc. {VLDB} Endow.},
  volume       = {16},
  number       = {7},
  pages        = {1726--1739},
  year         = {2023}
}

@article{ditto,
  author       = {Yuliang Li and
                  Jinfeng Li and
                  Yoshihiko Suhara and
                  AnHai Doan and
                  Wang{-}Chiew Tan},
  title        = {Deep Entity Matching with Pre-Trained Language Models},
  journal      = {Proc. {VLDB} Endow.},
  volume       = {14},
  number       = {1},
  pages        = {50--60},
  year         = {2020}
}

@article{EM,
  author       = {Nima Shahbazi and
                  Nikola Danevski and
                  Fatemeh Nargesian and
                  Abolfazl Asudeh and
                  Divesh Srivastava},
  title        = {Through the Fairness Lens: Experimental Analysis and Evaluation of
                  Entity Matching},
  journal      = {Proc. {VLDB} Endow.},
  volume       = {16},
  number       = {11},
  pages        = {3279--3292},
  year         = {2023} 
}


@article{PivotIndex,
  author       = {Lu Chen and
                  Yunjun Gao and
                  Baihua Zheng and
                  Christian S. Jensen and
                  Hanyu Yang and
                  Keyu Yang},
  title        = {Pivot-based Metric Indexing},
  journal      = {Proc. {VLDB} Endow.},
  volume       = {10},
  number       = {10},
  pages        = {1058--1069},
  year         = {2017} 
}

@article{pca,
  author       = {Rui Mao and
                  Willard L. Miranker and
                  Daniel P. Miranker},
  title        = {Pivot selection: Dimension reduction for distance-based indexing},
  journal      = {J. Discrete Algorithms},
  volume       = {13},
  pages        = {32--46},
  year         = {2012}
}

@article{fft,
  author       = {Dorit S. Hochbaum and
                  David B. Shmoys},
  title        = {A Best Possible Heuristic for the \emph{k}-Center Problem},
  journal      = {Math. Oper. Res.},
  volume       = {10},
  number       = {2},
  pages        = {180--184},
  year         = {1985} 
}

@article{LSHIndex,
  author       = {Aristides Gionis and
                  Piotr Indyk and
                  Rajeev Motwani},
  title        = {Similarity Search in High Dimensions via Hashing},
  booktitle    = {VLDB},
  pages        = {518--529},
  publisher    = {Morgan Kaufmann},
  year         = {1999}
}

@article{HNSW,
  author       = {Yury A. Malkov and
                  Dmitry A. Yashunin},
  title        = {Efficient and Robust Approximate Nearest Neighbor Search Using Hierarchical
                  Navigable Small World Graphs},
  journal      = {TPAMI},
  volume       = {42},
  number       = {4},
  pages        = {824--836},
  year         = {2020}
}

@article{MATE,
  author       = {Mahdi Esmailoghli and
                  Jorge{-}Arnulfo Quian{\'{e}}{-}Ruiz and
                  Ziawasch Abedjan},
  title        = {{MATE:} Multi-Attribute Table Extraction},
  journal      = {Proc. {VLDB} Endow.},
  volume       = {15},
  number       = {8},
  pages        = {1684--1696},
  year         = {2022}
}

@article{badaro2023transformers,
  title={Transformers for Tabular Data Representation: A survey of models and applications},
  author={Badaro, Gilbert and Saeed, Mohammed and Papotti, Paolo},
  journal={TACL},
  volume={11},
  pages={227--249},
  year={2023}
}
@article{NargesianZMPA19,
  author       = {Fatemeh Nargesian and
                  Erkang Zhu and
                  Ren{\'{e}}e J. Miller and
                  Ken Q. Pu and
                  Patricia C. Arocena},
  title        = {Data Lake Management: Challenges and Opportunities},
  journal      = {Proc. {VLDB} Endow.},
  volume       = {12},
  number       = {12},
  pages        = {1986--1989},
  year         = {2019}
}

@article{WangXY021,
  author       = {Mengzhao Wang and
                  Xiaoliang Xu and
                  Qiang Yue and
                  Yuxiang Wang},
  title        = {A Comprehensive Survey and Experimental Comparison of Graph-Based
                  Approximate Nearest Neighbor Search},
  journal      = {Proc. {VLDB} Endow.},
  volume       = {14},
  number       = {11},
  pages        = {1964--1978},
  year         = {2021}
}

@inproceedings{bert,
  author       = {Jacob Devlin and
                  Ming{-}Wei Chang and
                  Kenton Lee and
                  Kristina Toutanova},
 
  title        = {{BERT:} Pre-training of Deep Bidirectional Transformers for Language
                  Understanding},
  booktitle    = {NAACL-HLT},
  pages        = {4171--4186},
  year         = {2019} 
 }

@article{santos,
  author       = {Aamod Khatiwada and
                  Grace Fan and
                  Roee Shraga and
                  Zixuan Chen and
                  Wolfgang Gatterbauer and
                  Ren{\'{e}}e J. Miller and
                  Mirek Riedewald},
  title        = {{SANTOS:} Relationship-based Semantic Table Union Search},
  journal      = {Proc. {ACM} Manag. Data},
  volume       = {1},
  number       = {1},
  pages        = {9:1--9:25},
  year         = {2023}
}

@inproceedings{Wikidataset,
  author       = {Chandra Sekhar Bhagavatula and
                  Thanapon Noraset and
                  Doug Downey},
  title        = {TabEL: Entity Linking in Web Tables},
  booktitle    =  {ISWC},
  volume       = {9366},
  pages        = {425--441},
  year         = {2015}
}

@inproceedings{pytorch,
  author       = {Adam Paszke and
                  Sam Gross and
                  Francisco Massa and
                  Adam Lerer and
                  James Bradbury and
                  Gregory Chanan and
                  Trevor Killeen and
                  Zeming Lin and
                  Natalia Gimelshein and
                  Luca Antiga and
                  Alban Desmaison and
                  Andreas K{\"{o}}pf and
                  Edward Z. Yang and
                  Zachary DeVito and
                  Martin Raison and
                  Alykhan Tejani and
                  Sasank Chilamkurthy and
                  Benoit Steiner and
                  Lu Fang and
                  Junjie Bai and
                  Soumith Chintala},
  title        = {PyTorch: An Imperative Style, High-Performance Deep Learning Library},
  pages        = {8024--8035},
  year         = {2019}
}
@inproceedings{adam,
  author       = {Diederik P. Kingma and
                  Jimmy Ba},
  title        = {Adam: {A} Method for Stochastic Optimization},
  booktitle    = {ICLR},
  year         = {2015}
}

@article{CrossDataDis,
  author       = {Mohamed Y. Eltabakh and
                  Mayuresh Kunjir and
                  Ahmed K. Elmagarmid and
                  Mohammad Shahmeer Ahmad},
  title        = {Cross Modal Data Discovery over Structured and Unstructured Data Lakes},
  journal      = {Proc. {VLDB} Endow.},
  volume       = {16},
  number       = {11},
  pages        = {3377--3390},
  year         = {2023}
}

@book{ZezulaADB06,
  author       = {Pavel Zezula and
                  Giuseppe Amato and
                  Vlastislav Dohnal and
                  Michal Batko},
  title        = {Similarity Search - The Metric Space Approach},
  series       = {Advances in Database Systems},
  volume       = {32},
  year         = {2006}
}

@inproceedings{YanLWZWX20,
  author       = {Yuanmeng Yan and
                  Rumei Li and
                  Sirui Wang and
                  Fuzheng Zhang and
                  Wei Wu and
                  Weiran Xu},
  title        = {ConSERT: {A} Contrastive Framework for Self-Supervised Sentence Representation
                  Transfer},
  booktitle    = {ACL/IJCNLP},
  pages        = {5065--5075},
  year         = {2021}
}

@article{paton2023dataset,
  title={Dataset Discovery and Exploration: A Survey},
  author={Paton, Norman W and Chen, Jiaoyan and Wu, Zhenyu},
  journal={ACM Computing Surveys},
  volume={56},
  number={4},
  pages={1--37},
  year={2023}
}



@inproceedings{mpnet,
  author       = {Kaitao Song and
                  Xu Tan and
                  Tao Qin and
                  Jianfeng Lu and
                  Tie{-}Yan Liu},
 
  title        = {MPNet: Masked and Permuted Pre-training for Language Understanding},
  booktitle    = {NeurIPS},
  year         = {2020},
  pages        = {16857--16867},
  year         = {2020}
}


 @inproceedings{Aurum,
  author       = {Raul Castro Fernandez and
                  Ziawasch Abedjan and
                  Famien Koko and
                  Gina Yuan and
                  Samuel Madden and
                  Michael Stonebraker},
  title        = {Aurum: {A} Data Discovery System},
  booktitle    =  {ICDE},              
  pages        = {1001--1012},
  year         = {2018} 
}

@inproceedings{Correlation,
  author       = {A{\'{e}}cio S. R. Santos and
                  Aline Bessa and
                  Fernando Chirigati and
                  Christopher Musco and
                  Juliana Freire},
 
  title        = {Correlation Sketches for Approximate Join-Correlation Queries},
  booktitle    =  {SIGMOD},
  pages        = {1531--1544},
  year         = {2021}
}

@inproceedings{doduo,
  author       = {Yoshihiko Suhara and
                  Jinfeng Li and
                  Yuliang Li and
                  Dan Zhang and
                  {\c{C}}agatay Demiralp and
                  Chen Chen and
                  Wang{-}Chiew Tan},
  title        = {Annotating Columns with Pre-trained Language Models},
  booktitle    = {SIGMOD},
  pages        = {1493--1503},
  year         = {2022}
}

@article{RECA,
  author       = {Yushi Sun and
                  Hao Xin and
                  Lei Chen},
  title        = {{RECA:} Related Tables Enhanced Column Semantic Type Annotation Framework},
  journal      = {Proc. {VLDB} Endow.},
  volume       = {16},
  number       = {6},
  pages        = {1319--1331},
  year         = {2023}
}

@inproceedings{tabert,
title={TaBERT: Pretraining for Joint Understanding of Textual and Tabular Data},
author={Yin, Pengcheng and Neubig, Graham and Yih, Wen-tau and Riedel, Sebastian},
booktitle={ACL},
pages={8413--8426},
year={2020}
}

@inproceedings{tapas,
  title={TaPas: Weakly Supervised Table Parsing via Pre-training},
  author={Herzig, Jonathan and Nowak, Pawel Krzysztof and Mueller, Thomas and Piccinno, Francesco and Eisenschlos, Julian},
  booktitle={ACL},
  pages={4320--4333},
  year={2020}
}

@inproceedings{attention,
  author       = {Ashish Vaswani and
                  Noam Shazeer and
                  Niki Parmar and
                  Jakob Uszkoreit and
                  Llion Jones and
                  Aidan N. Gomez and
                  Lukasz Kaiser and
                  Illia Polosukhin},
  
  title        = {Attention is All you Need},
  booktitle    = {NIPS},
  pages        = {5998--6008},
  year         = {2017}
}

@inproceedings{ContrastiveBox,
  author       = {Tingting Liang and
                  Yuanqing Zhang and
                  Qianhui Di and
                  Congying Xia and
                  Youhuizi Li and
                  Yuyu Yin},
  title        = {Contrastive Box Embedding for Collaborative Reasoning},
  booktitle    = {SIGIR},
  pages        = {38--47},
  year         = {2023}
}

@inproceedings{selfKG,
  author       = {Xiao Liu and
                  Haoyun Hong and
                  Xinghao Wang and
                  Zeyi Chen and
                  Evgeny Kharlamov and
                  Yuxiao Dong and
                  Jie Tang},
  title        = {SelfKG: Self-Supervised Entity Alignment in Knowledge Graphs},
  booktitle    = {WWW},
  pages        = {860--870},
  year         = {2022}
}

@inproceedings{rank,
  title={Ranking info noise contrastive estimation: Boosting contrastive learning via ranked positives},
  author={Hoffmann, David T and Behrmann, Nadine and Gall, Juergen and Brox, Thomas and Noroozi, Mehdi},
  booktitle={AAAI},
  volume={36},
  number={1},
  pages={897--905},
  year={2022}
}

@article{sun2024learning,
  title={Learning to tokenize for generative retrieval},
  author={Sun, Weiwei and Yan, Lingyong and Chen, Zheng and Wang, Shuaiqiang and Zhu, Haichao and Ren, Pengjie and Chen, Zhumin and Yin, Dawei and Rijke, Maarten and Ren, Zhaochun},
  journal={NeurIPS},
  volume={36},
  year={2024}
}

@inproceedings{2022ranking,
  title={Ranking info noise contrastive estimation: Boosting contrastive learning via ranked positives},
  author={Hoffmann, David T and Behrmann, Nadine and Gall, Juergen and Brox, Thomas and Noroozi, Mehdi},
  booktitle={AAAI},
  volume={36},
  number={1},
  pages={897--905},
  year={2022}
}

@inproceedings{yao2022pcl,
  title={Pcl: Proxy-based contrastive learning for domain generalization},
  author={Yao, Xufeng and Bai, Yang and Zhang, Xinyun and Zhang, Yuechen and Sun, Qi and Chen, Ran and Li, Ruiyu and Yu, Bei},
  booktitle={CVPR},
  pages={7097--7107},
  year={2022}
}


@inproceedings{LiangZWA21,
  author       = {Paul Pu Liang and
                  Manzil Zaheer and
                  Yuan Wang and
                  Amr Ahmed},
  title        = {Anchor {\&} Transform: Learning Sparse Embeddings for Large Vocabularies},
  booktitle    = {ICLR},
  year         = {2021}
}

@inproceedings{KimKCK20,
  author       = {Sungyeon Kim and
                  Dongwon Kim and
                  Minsu Cho and
                  Suha Kwak},
  title        = {Proxy Anchor Loss for Deep Metric Learning},
  booktitle    = {CVPR},
  pages        = {3235--3244},
  year         = {2020}
}

@article{Auto-Join,
  author       = {Erkang Zhu and
                  Yeye He and
                  Surajit Chaudhuri},
  title        = {Auto-Join: Joining Tables by Leveraging Transformations},
  journal      = {Proc. {VLDB} Endow.},
  volume       = {10},
  number       = {10},
  pages        = {1034--1045},
  year         = {2017}
}

@article{Singh16,
  author       = {Rishabh Singh},
  title        = {BlinkFill: Semi-supervised Programming By Example for Syntactic String
                  Transformations},
  journal      = {Proc. {VLDB} Endow.},
  volume       = {9},
  number       = {10},
  pages        = {816--827},
  year         = {2016}
}

@inproceedings{NobariR22,
  author       = {Arash Dargahi Nobari and
                  Davood Rafiei},
  title        = {Efficiently Transforming Tables for Joinability},
  booktitle    = {ICDE},
  pages        = {1649--1661},
  year         = {2022}
}

@inproceedings{GalhotraGF23,
  author       = {Sainyam Galhotra and
                  Yue Gong and
                  Raul Castro Fernandez},
  title        = {Metam: Goal-Oriented Data Discovery},
  booktitle    = {ICDE},
  pages        = {2780--2793},
  year         = {2023}
}

@article{Watchog,
  author       = {Zhengjie Miao and
                  Jin Wang},
  title        = {Watchog: {A} Light-weight Contrastive Learning based Framework for
                  Column Annotation},
  journal      = {Proc. {ACM} Manag. Data},
  volume       = {1},
  number       = {4},
  pages        = {272:1--272:24},
  year         = {2023}
}

@inproceedings{0002TGL21,
  author       = {Michael G{\"{u}}nther and
                  Maik Thiele and
                  Julius Gonsior and
                  Wolfgang Lehner},
  title        = {Pre-Trained Web Table Embeddings for Table Discovery},
  booktitle    = {aiDM},
  pages        = {24--31},
  year         = {2021}
}

@article{AdelfioS13,
  author       = {Marco D. Adelfio and
                  Hanan Samet},
  title        = {Schema Extraction for Tabular Data on the Web},
  journal      = {Proc. {VLDB} Endow.},
  volume       = {6},
  number       = {6},
  pages        = {421--432},
  year         = {2013}
}

@article{CafarellaHK09,
  author       = {Michael J. Cafarella and
                  Alon Y. Halevy and
                  Nodira Khoussainova},
  title        = {Data Integration for the Relational Web},
  journal      = {Proc. {VLDB} Endow.},
  volume       = {2},
  number       = {1},
  pages        = {1090--1101},
  year         = {2009}
}

@inproceedings{BrickleyBN19,
  author       = {Dan Brickley and
                  Matthew Burgess and
                  Natasha F. Noy},
  title        = {Google Dataset Search: Building a search engine for datasets in an
                  open Web ecosystem},
  booktitle    = {WWW},
  pages        = {1365--1375},
  year         = {2019}
}

@article{solo,
  author       = {Qiming Wang and
                  Raul Castro Fernandez},
  title        = {Solo: Data Discovery Using Natural Language Questions Via {A} Self-Supervised
                  Approach},
  journal      = {Proc. {ACM} Manag. Data},
  volume       = {1},
  number       = {4},
  pages        = {262:1--262:27},
  year         = {2023}
}

@inproceedings{StruBERT,
  author       = {Mohamed Trabelsi and
                  Zhiyu Chen and
                  Shuo Zhang and
                  Brian D. Davison and
                  Jeff Heflin},
  title        = {StruBERT: Structure-aware {BERT} for Table Search and Matching},
  booktitle    = {WWW},
  pages        = {442--451},
  year         = {2022}
}

@inproceedings{AdHoc,
  author       = {Shuo Zhang and
                  Krisztian Balog},
  title        = {Ad Hoc Table Retrieval using Semantic Similarity},
  pages        = {1553--1562},
  year         = {2018} 
}

@article{omnimatch,
  title={OmniMatch: Effective Self-Supervised Any-Join Discovery in Tabular Data Repositories},
  author={Koutras, Christos and Zhang, Jiani and Qin, Xiao and Lei, Chuan and Ioannidis, Vasileios and Faloutsos, Christos and Karypis, George and Katsifodimos, Asterios},
  journal={arXiv preprint arXiv:2403.07653},
  year={2024}
}

@article{TUS,
  author       = {Fatemeh Nargesian and
                  Erkang Zhu and
                  Ken Q. Pu and
                  Ren{\'{e}}e J. Miller},
  title        = {Table Union Search on Open Data},
  journal      = {Proc. {VLDB} Endow.},
  volume       = {11},
  number       = {7},
  pages        = {813--825},
  year         = {2018}
}
 @inproceedings{tapex,
  author       = {Qian Liu and
                  Bei Chen and
                  Jiaqi Guo and
                  Morteza Ziyadi and
                  Zeqi Lin and
                  Weizhu Chen and
                  Jian{-}Guang Lou},
  title        = {{TAPEX:} Table Pre-training via Learning a Neural {SQL} Executor},
  booktitle    = {ICLR},
  publisher    = {OpenReview.net},
  year         = {2022}
}

@inproceedings{TES,
  author       = {Yuyang Dong and
                  Masafumi Oyamada},
 
  title        = {Table Enrichment System for Machine Learning},
  booktitle    = { SIGIR} ,
  pages        = {3267--3271},
  
  year         = {2022} 
}

@article{FCS,
  author       = {Lei Li and
                  Chengyu Wang and
                  Minghui Qiu and
                  Cen Chen and
                  Ming Gao and
                  Aoying Zhou},
  title        = {Accelerating {BERT} inference with GPU-efficient exit prediction},
  journal      = {Frontiers Comput. Sci.},
  volume       = {18},
  number       = {3},
  pages        = {183308},
  year         = {2024}
}

@article{Spearman,
  title={The proof and measurement of association between two things},
  author={Spearman, Charles},
  journal={International journal of epidemiology},
  volume={39},
  number={5},
  pages={1137--1150},
  year={2010} 
}

@article{E5-Base-4k,
  title={LongEmbed: Extending Embedding Models for Long Context Retrieval},
  author={Zhu, Dawei and Wang, Liang and Yang, Nan and Song, Yifan and Wu, Wenhao and Wei, Furu and Li, Sujian},
  journal={arXiv preprint arXiv:2404.12096},
  year={2024}
}

 
@article{Ember,
  author       = {Sahaana Suri and
                  Ihab F. Ilyas and
                  Christopher R{\'{e}} and
                  Theodoros Rekatsinas},
  title        = {Ember: No-Code Context Enrichment via Similarity-Based Keyless Joins},
  journal      = {Proc. {VLDB} Endow.},
  volume       = {15},
  number       = {3},
  pages        = {699--712},
  year         = {2021},
  url          = {http://www.vldb.org/pvldb/vol15/p699-suri.pdf},
  doi          = {10.14778/3494124.3494149},
  timestamp    = {Thu, 21 Apr 2022 17:09:21 +0200},
  biburl       = {https://dblp.org/rec/journals/pvldb/SuriIRR21.bib},
  bibsource    = {dblp computer science bibliography, https://dblp.org}
}

@article{Pylon,
  author       = {Tianji Cong and
                  Fatemeh Nargesian and
                  H. V. Jagadish},
  title        = {Pylon: Semantic Table Union Search in Data Lakes},
  journal      = {CoRR},
  volume       = {abs/2301.04901},
  year         = {2023}
}

@inproceedings{Sudowoodo,
  author       = {Runhui Wang and
                  Yuliang Li and
                  Jin Wang},
  title        = {Sudowoodo: Contrastive Self-supervised Learning for Multi-purpose
                  Data Integration and Preparation},
  booktitle    = {ICDE},
  pages        = {1502--1515},
  year         = {2023} 
}

