@inproceedings{2018contractfuzzer,
	author = {Jiang, Bo and Liu, Ye and Chan, WK},
	booktitle = {Proceedings of the 33rd ACM/IEEE International Conference on Automated Software Engineering},
	organization = {ACM},
	pages = {259--269},
	title = {ContractFuzzer: Fuzzing Smart Contracts for Vulnerability Detection},
	year = {2018}}

@misc{Certora,
	author = {{Certora}},
	howpublished = {\url{https://www.certora.com/}},
	title = {Securing Web3 with Decentralized Intelligence}
}

@inproceedings{brent2020ethainter,
  title={Ethainter: a smart contract security analyzer for composite vulnerabilities},
  author={Brent, Lexi and Grech, Neville and Lagouvardos, Sifis and Scholz, Bernhard and Smaragdakis, Yannis},
  booktitle={Proceedings of the 41st ACM SIGPLAN Conference on Programming Language Design and Implementation},
  pages={454--469},
  year={2020}
}

@inproceedings{brumley2004privtrans,
  title={Privtrans: Automatically partitioning programs for privilege separation},
  author={Brumley, David and Song, Dawn},
  booktitle={USENIX Security Symposium},
  volume={57},
  number={72},
  year={2004},
  publisher={USENIX Association}
}

@inproceedings{carr2017datashield,
  title={Datashield: Configurable data confidentiality and integrity},
  author={Carr, Scott A and Payer, Mathias},
  booktitle={Proceedings of the 2017 ACM on Asia Conference on Computer and Communications Security},
  pages={193--204},
  year={2017}
}

@article{chong2007secure,
  title={Secure web applications via automatic partitioning},
  author={Chong, Stephen and Liu, Jed and Myers, Andrew C and Qi, Xin and Vikram, Krishnaprasad and Zheng, Lantian and Zheng, Xin},
  journal={ACM SIGOPS Operating Systems Review},
  volume={41},
  number={6},
  pages={31--44},
  year={2007},
  publisher={ACM New York, NY, USA}
}

@manual{echidna,
	date-modified = {2020-02-25 11:17:51 +0800},
	organization = {Trail of Bits},
	title = {Echidna},
	url = {https://github.com/trailofbits/echidna},
	year = {2019},
	bdsk-url-1 = {https://github.com/trailofbits/echidna}}

@inproceedings{feist2019slither,
	author = {Feist, Josselin and Grieco, Gustavo and Groce, Alex},
	booktitle = {2019 IEEE/ACM 2nd International Workshop on Emerging Trends in Software Engineering for Blockchain (WETSEB)},
	organization = {IEEE},
	pages = {8--15},
	title = {Slither: A Static Analysis Framework for Smart Contracts},
	year = {2019}}

@article{feng2019precise,
	author = {Feng, Yu and Torlak, Emina and Bodik, Rastislav},
	date-added = {2020-07-27 16:06:07 +0800},
	date-modified = {2020-07-27 16:06:07 +0800},
	journal = {arXiv preprint arXiv:1902.06067},
	title = {{Precise Attack Synthesis for Smart Contracts}},
	year = {2019}}

@inproceedings{ghosn2019secured,
  title={Secured routines: Language-based construction of trusted execution environments},
  author={Ghosn, Adrien and Larus, James R and Bugnion, Edouard},
  booktitle={2019 USENIX Annual Technical Conference (USENIX ATC 19)},
  pages={571--586},
  year={2019}
}

@inproceedings{gudka2015clean,
  title={Clean application compartmentalization with SOAAP},
  author={Gudka, Khilan and Watson, Robert NM and Anderson, Jonathan and Chisnall, David and Davis, Brooks and Laurie, Ben and Marinos, Ilias and Neumann, Peter G and Richardson, Alex},
  booktitle={Proceedings of the 22nd ACM SIGSAC Conference on Computer and Communications Security},
  pages={1016--1031},
  year={2015}
}

@inproceedings{hildenbrandt2018kevm,
  title={Kevm: A complete formal semantics of the ethereum virtual machine},
  author={Hildenbrandt, Everett and Saxena, Manasvi and Rodrigues, Nishant and Zhu, Xiaoran and Daian, Philip and Guth, Dwight and Moore, Brandon and Park, Daejun and Zhang, Yi and Stefanescu, Andrei and others},
  booktitle={2018 IEEE 31st Computer Security Foundations Symposium (CSF)},
  pages={204--217},
  year={2018},
  organization={IEEE}
}

@inproceedings{kong2023defitainter,
  title={Defitainter: Detecting price manipulation vulnerabilities in defi protocols},
  author={Kong, Queping and Chen, Jiachi and Wang, Yanlin and Jiang, Zigui and Zheng, Zibin},
  booktitle={Proceedings of the 32nd ACM SIGSOFT International Symposium on Software Testing and Analysis},
  pages={1144--1156},
  year={2023}
}

@inproceedings{lind2017glamdring,
  title={Glamdring: Automatic application partitioning for Intel SGX},
  author={Lind, Joshua and Priebe, Christian and Muthukumaran, Divya and others},
  booktitle={2017 USENIX Annual Technical Conference (USENIX ATC 17)},
  pages={285--298},
  year={2017},
  publisher={USENIX Association}
}

@inproceedings{liu2015thwarting,
  title={Thwarting memory disclosure with efficient hypervisor-enforced intra-domain isolation},
  author={Liu, Yutao and Zhou, Tianyu and Chen, Kexin and Chen, Haibo and Xia, Yubin},
  booktitle={Proceedings of the 22nd ACM SIGSAC Conference on Computer and Communications Security},
  pages={1607--1619},
  year={2015}
}

@inproceedings{liu2017ptrsplit,
  title={Ptrsplit: Supporting general pointers in automatic program partitioning},
  author={Liu, Shen and Tan, Gang and Jaeger, Trent},
  booktitle={Proceedings of the 2017 ACM SIGSAC Conference on Computer and Communications Security},
  pages={2359--2371},
  year={2017}
}

@inproceedings{liu2019program,
  title={Program-mandering: Quantitative privilege separation},
  author={Liu, Shen and Zeng, Dongrui and Huang, Yongzhe and Capobianco, Frank and McCamant, Stephen and Jaeger, Trent and Tan, Gang},
  booktitle={Proceedings of the 2019 ACM SIGSAC Conference on Computer and Communications Security},
  pages={1023--1040},
  year={2019},
  publisher={ACM}
}

@article{liu2024propertygpt,
  title={PropertyGPT: LLM-driven Formal Verification of Smart Contracts through Retrieval-Augmented Property Generation},
  author={Liu, Ye and Xue, Yue and Wu, Daoyuan and Sun, Yuqiang and Li, Yi and Shi, Miaolei and Liu, Yang},
  journal={arXiv preprint arXiv:2405.02580},
  year={2024}
}

@inproceedings{luu2016making,
	author = {Luu, Loi and Chu, Duc-Hiep and Olickel, Hrishi and Saxena, Prateek and Hobor, Aquinas},
	booktitle = {Proceedings of the 2016 ACM SIGSAC conference on computer and communications security},
	organization = {ACM},
	pages = {254--269},
	title = {Making Smart Contracts Smarter},
	year = {2016}}

@misc{manticore,
	howpublished = {\url{https://github.com/trailofbits/manticore}},
	note = {Symbolic Execution Tool for Smart Contracts},
	title = {Manticore},
	year = {2019}}

@misc{mythril,
	date-modified = {2019-10-23 20:22:31 +0800},
	howpublished = {\url{https://github.com/ConsenSys/mythril}},
	note = {A Security Analysis Tool for EVM Bytecode},
	title = {{Mythril}},
	year = {2019}}

@inproceedings{nguyen2020sfuzz,
	title={sfuzz: An efficient adaptive fuzzer for solidity smart contracts},
	author={Nguyen, Tai D and Pham, Long H and Sun, Jun and Lin, Yun and Minh, Quang Tran},
	booktitle={Proceedings of the ACM/IEEE 42nd International Conference on Software Engineering},
	pages={778--788},
	year={2020}
}

@inproceedings{rubinov2016automated,
  title={Automated partitioning of android applications for trusted execution environments},
  author={Rubinov, Konstantin and Rosculete, Lucia and Mitra, Tulika and Roychoudhury, Abhik},
  booktitle={Proceedings of the 38th International Conference on Software Engineering},
  pages={923--934},
  year={2016}
}

@inproceedings{santos2014using, 
  title={Using ARM TrustZone to build a trusted language runtime for mobile applications},
  author={Santos, Nuno and Raj, Himanshu and Saroiu, Stefan and Wolman, Alec},
  booktitle={Proceedings of the 19th international conference on Architectural support for programming languages and operating systems},
  pages={67--80},
  year={2014}
}

@inproceedings{song2016enforcing,
  title={Enforcing Kernel Security Invariants with Data Flow Integrity.},
  author={Song, Chengyu and Lee, Byoungyoung and Lu, Kangjie and Harris, William and Kim, Taesoo and Lee, Wenke},
  booktitle={NDSS},
  year={2016}
}

@inproceedings{sun2024gptscan,
  title={Gptscan: Detecting logic vulnerabilities in smart contracts by combining gpt with program analysis},
  author={Sun, Yuqiang and Wu, Daoyuan and Xue, Yue and Liu, Han and Wang, Haijun and Xu, Zhengzi and Xie, Xiaofei and Liu, Yang},
  booktitle={Proceedings of the IEEE/ACM 46th International Conference on Software Engineering},
  pages={1--13},
  year={2024}
}

@inproceedings{tikhomirov2018smartcheck,
	author = {Tikhomirov, Sergei and Voskresenskaya, Ekaterina and Ivanitskiy, Ivan and Takhaviev, Ramil and Marchenko, Evgeny and Alexandrov, Yaroslav},
	booktitle = {Proceedings of the 1st International Workshop on Emerging Trends in Software Engineering for Blockchain},
	pages = {9--16},
	title = {Smartcheck: Static Analysis of Ethereum Smart Contracts},
	year = {2018}}

@inproceedings{tsai2020civet,
  title={Civet: An efficient java partitioning framework for hardware enclaves},
  author={Tsai, Chia-Che and Son, Jeongseok and Jain, Bhushan and McAvey, John and Popa, Raluca Ada and Porter, Donald E},
  booktitle={29th USENIX Security Symposium (USENIX Security 20)},
  pages={505--522},
  year={2020},
  publisher={USENIX Association}
}

@inproceedings{tsankov2018securify,
	author = {Tsankov, Petar and Dan, Andrei and Drachsler-Cohen, Dana and Gervais, Arthur and Buenzli, Florian and Vechev, Martin},
	booktitle = {Proceedings of the 2018 ACM SIGSAC Conference on Computer and Communications Security},
	organization = {ACM},
	pages = {67--82},
	title = {Securify: Practical Security Analysis of Smart Contracts},
	year = {2018}}

@inproceedings{werner2022sok,
	title={Sok: Decentralized finance (defi)},
	author={Werner, Sam and Perez, Daniel and Gudgeon, Lewis and Klages-Mundt, Ariah and Harz, Dominik and Knottenbelt, William},
	booktitle={Proceedings of the 4th ACM Conference on Advances in Financial Technologies},
	pages={30--46},
	year={2022}
}

@inproceedings{wu2013automatically,
  title={Automatically partition software into least privilege components using dynamic data dependency analysis},
  author={Wu, Yongzheng and Sun, Jun and Liu, Yang and Dong, Jin Song},
  booktitle={Proceedings of the 2013 28th IEEE/ACM International Conference on Automated Software Engineering (ASE)},
  pages={11--15},
  year={2013}
}

@article{wu2021defiranger,
	title={Defiranger: Detecting price manipulation attacks on defi applications},
	author={Wu, Siwei and Wang, Dabao and He, Jianting and Zhou, Yajin and Wu, Lei and Yuan, Xingliang and He, Qinming and Ren, Kui},
	journal={arXiv preprint arXiv:2104.15068},
	year={2021}
}

@inproceedings{xie2024defort,
  title={DeFort: Automatic Detection and Analysis of Price Manipulation Attacks in DeFi Applications},
  author={Xie, Maoyi and Hu, Ming and Kong, Ziqiao and Zhang, Cen and Feng, Yebo and Wang, Haijun and Xue, Yue and Zhang, Hao and Liu, Ye and Liu, Yang},
  booktitle={Proceedings of the 33rd ACM SIGSOFT International Symposium on Software Testing and Analysis},
  pages={402--414},
  year={2024}
}

@article{zdancewic2002secure,
  title={Secure program partitioning},
  author={Zdancewic, Steve and Zheng, Lantian and Nystrom, Nathaniel and Myers, Andrew C},
  journal={ACM Transactions on Computer Systems (TOCS)},
  volume={20},
  number={3},
  pages={283--328},
  year={2002},
  publisher={ACM New York, NY, USA}
}

@inproceedings{zheng2003using,
  title={Using replication and partitioning to build secure distributed systems},
  author={Zheng, Lantian and Chong, Stephen and Myers, Andrew C and Zdancewic, Steve},
  booktitle={2003 Symposium on Security and Privacy, 2003.},
  pages={236--250},
  year={2003},
  organization={IEEE}
}

@inproceedings{zhou2023sok,
	title={Sok: Decentralized finance (defi) attacks},
	author={Zhou, Liyi and Xiong, Xihan and Ernstberger, Jens and Chaliasos, Stefanos and Wang, Zhipeng and Wang, Ye and Qin, Kaihua and Wattenhofer, Roger and Song, Dawn and Gervais, Arthur},
	booktitle={2023 IEEE Symposium on Security and Privacy (SP)},
	pages={2444--2461},
	year={2023},
	organization={IEEE}
}

