@inproceedings{wu2013automatically,
  title={Automatically partition software into least privilege components using dynamic data dependency analysis},
  author={Wu, Yongzheng and Sun, Jun and Liu, Yang and Dong, Jin Song},
  booktitle={Proceedings of the 2013 28th IEEE/ACM International Conference on Automated Software Engineering (ASE)},
  pages={11--15},
  year={2013}
}
@inproceedings{brumley2004privtrans,
  title={Privtrans: Automatically partitioning programs for privilege separation},
  author={Brumley, David and Song, Dawn},
  booktitle={USENIX Security Symposium},
  volume={57},
  number={72},
  year={2004},
  publisher={USENIX Association}
}
@inproceedings{lind2017glamdring,
  title={Glamdring: Automatic application partitioning for Intel SGX},
  author={Lind, Joshua and Priebe, Christian and Muthukumaran, Divya and others},
  booktitle={2017 USENIX Annual Technical Conference (USENIX ATC 17)},
  pages={285--298},
  year={2017},
  publisher={USENIX Association}
}
@inproceedings{tsai2020civet,
  title={Civet: An efficient java partitioning framework for hardware enclaves},
  author={Tsai, Chia-Che and Son, Jeongseok and Jain, Bhushan and McAvey, John and Popa, Raluca Ada and Porter, Donald E},
  booktitle={29th USENIX Security Symposium (USENIX Security 20)},
  pages={505--522},
  year={2020},
  publisher={USENIX Association}
}
@inproceedings{liu2019program,
  title={Program-mandering: Quantitative privilege separation},
  author={Liu, Shen and Zeng, Dongrui and Huang, Yongzhe and Capobianco, Frank and McCamant, Stephen and Jaeger, Trent and Tan, Gang},
  booktitle={Proceedings of the 2019 ACM SIGSAC Conference on Computer and Communications Security},
  pages={1023--1040},
  year={2019},
  publisher={ACM}
}
@inproceedings{liu2015thwarting,
  title={Thwarting memory disclosure with efficient hypervisor-enforced intra-domain isolation},
  author={Liu, Yutao and Zhou, Tianyu and Chen, Kexin and Chen, Haibo and Xia, Yubin},
  booktitle={Proceedings of the 22nd ACM SIGSAC Conference on Computer and Communications Security},
  pages={1607--1619},
  year={2015}
}
@inproceedings{ghosn2019secured,
  title={Secured routines: Language-based construction of trusted execution environments},
  author={Ghosn, Adrien and Larus, James R and Bugnion, Edouard},
  booktitle={2019 USENIX Annual Technical Conference (USENIX ATC 19)},
  pages={571--586},
  year={2019}
}

@inproceedings{santos2014using, 
  title={Using ARM TrustZone to build a trusted language runtime for mobile applications},
  author={Santos, Nuno and Raj, Himanshu and Saroiu, Stefan and Wolman, Alec},
  booktitle={Proceedings of the 19th international conference on Architectural support for programming languages and operating systems},
  pages={67--80},
  year={2014}
}
@inproceedings{rubinov2016automated,
  title={Automated partitioning of android applications for trusted execution environments},
  author={Rubinov, Konstantin and Rosculete, Lucia and Mitra, Tulika and Roychoudhury, Abhik},
  booktitle={Proceedings of the 38th International Conference on Software Engineering},
  pages={923--934},
  year={2016}
}
@article{chong2007secure,
  title={Secure web applications via automatic partitioning},
  author={Chong, Stephen and Liu, Jed and Myers, Andrew C and Qi, Xin and Vikram, Krishnaprasad and Zheng, Lantian and Zheng, Xin},
  journal={ACM SIGOPS Operating Systems Review},
  volume={41},
  number={6},
  pages={31--44},
  year={2007},
  publisher={ACM New York, NY, USA}
}
@inproceedings{zheng2003using,
  title={Using replication and partitioning to build secure distributed systems},
  author={Zheng, Lantian and Chong, Stephen and Myers, Andrew C and Zdancewic, Steve},
  booktitle={2003 Symposium on Security and Privacy, 2003.},
  pages={236--250},
  year={2003},
  organization={IEEE}
}
@inproceedings{gudka2015clean,
  title={Clean application compartmentalization with SOAAP},
  author={Gudka, Khilan and Watson, Robert NM and Anderson, Jonathan and Chisnall, David and Davis, Brooks and Laurie, Ben and Marinos, Ilias and Neumann, Peter G and Richardson, Alex},
  booktitle={Proceedings of the 22nd ACM SIGSAC Conference on Computer and Communications Security},
  pages={1016--1031},
  year={2015}
}
@inproceedings{song2016enforcing,
  title={Enforcing Kernel Security Invariants with Data Flow Integrity.},
  author={Song, Chengyu and Lee, Byoungyoung and Lu, Kangjie and Harris, William and Kim, Taesoo and Lee, Wenke},
  booktitle={NDSS},
  year={2016}
}
@inproceedings{carr2017datashield,
  title={Datashield: Configurable data confidentiality and integrity},
  author={Carr, Scott A and Payer, Mathias},
  booktitle={Proceedings of the 2017 ACM on Asia Conference on Computer and Communications Security},
  pages={193--204},
  year={2017}
}

@inproceedings{kong2023defitainter,
  title={Defitainter: Detecting price manipulation vulnerabilities in defi protocols},
  author={Kong, Queping and Chen, Jiachi and Wang, Yanlin and Jiang, Zigui and Zheng, Zibin},
  booktitle={Proceedings of the 32nd ACM SIGSOFT International Symposium on Software Testing and Analysis},
  pages={1144--1156},
  year={2023}
}

@inproceedings{xie2024defort,
  title={DeFort: Automatic Detection and Analysis of Price Manipulation Attacks in DeFi Applications},
  author={Xie, Maoyi and Hu, Ming and Kong, Ziqiao and Zhang, Cen and Feng, Yebo and Wang, Haijun and Xue, Yue and Zhang, Hao and Liu, Ye and Liu, Yang},
  booktitle={Proceedings of the 33rd ACM SIGSOFT International Symposium on Software Testing and Analysis},
  pages={402--414},
  year={2024}
}

@article{wu2023defiranger,
  title={DeFiRanger: Detecting DeFi Price Manipulation Attacks},
  author={Wu, Siwei and Yu, Zhou and Wang, Dabao and Zhou, Yajin and Wu, Lei and Wang, Haoyu and Yuan, Xingliang},
  journal={IEEE Transactions on Dependable and Secure Computing},
  year={2023},
  publisher={IEEE}
}

@inproceedings{sun2024gptscan,
  title={Gptscan: Detecting logic vulnerabilities in smart contracts by combining gpt with program analysis},
  author={Sun, Yuqiang and Wu, Daoyuan and Xue, Yue and Liu, Han and Wang, Haijun and Xu, Zhengzi and Xie, Xiaofei and Liu, Yang},
  booktitle={Proceedings of the IEEE/ACM 46th International Conference on Software Engineering},
  pages={1--13},
  year={2024}
}


@article{liu2024propertygpt,
  title={PropertyGPT: LLM-driven Formal Verification of Smart Contracts through Retrieval-Augmented Property Generation},
  author={Liu, Ye and Xue, Yue and Wu, Daoyuan and Sun, Yuqiang and Li, Yi and Shi, Miaolei and Liu, Yang},
  journal={arXiv preprint arXiv:2405.02580},
  year={2024}
}

@inproceedings{lin2022solsee,
  title={Solsee: a source-level symbolic execution engine for solidity},
  author={Lin, Shang-Wei and Tolmach, Palina and Liu, Ye and Li, Yi},
  booktitle={Proceedings of the 30th ACM Joint European Software Engineering Conference and Symposium on the Foundations of Software Engineering},
  pages={1687--1691},
  year={2022}
}

@misc{Certora,
	author = {{Certora}},
	howpublished = {\url{https://www.certora.com/}},
	title = {Securing Web3 with Decentralized Intelligence}
}


@inproceedings{luu2016making,
	author = {Luu, Loi and Chu, Duc-Hiep and Olickel, Hrishi and Saxena, Prateek and Hobor, Aquinas},
	booktitle = {Proceedings of the 2016 ACM SIGSAC conference on computer and communications security},
	organization = {ACM},
	pages = {254--269},
	title = {Making Smart Contracts Smarter},
	year = {2016}}

@misc{manticore,
	howpublished = {\url{https://github.com/trailofbits/manticore}},
	note = {Symbolic Execution Tool for Smart Contracts},
	title = {Manticore},
	year = {2019}}

@misc{mythril,
	date-modified = {2019-10-23 20:22:31 +0800},
	howpublished = {\url{https://github.com/ConsenSys/mythril}},
	note = {A Security Analysis Tool for EVM Bytecode},
	title = {{Mythril}},
	year = {2019}}

@inproceedings{feist2019slither,
	author = {Feist, Josselin and Grieco, Gustavo and Groce, Alex},
	booktitle = {2019 IEEE/ACM 2nd International Workshop on Emerging Trends in Software Engineering for Blockchain (WETSEB)},
	organization = {IEEE},
	pages = {8--15},
	title = {Slither: A Static Analysis Framework for Smart Contracts},
	year = {2019}}

@misc{slither,
	howpublished = {\url{https://github.com/crytic/slither}},
	note = {The Solidity Source Analyzer},
	title = {Slither},
	year = {2021}}


@inproceedings{tikhomirov2018smartcheck,
	author = {Tikhomirov, Sergei and Voskresenskaya, Ekaterina and Ivanitskiy, Ivan and Takhaviev, Ramil and Marchenko, Evgeny and Alexandrov, Yaroslav},
	booktitle = {Proceedings of the 1st International Workshop on Emerging Trends in Software Engineering for Blockchain},
	pages = {9--16},
	title = {Smartcheck: Static Analysis of Ethereum Smart Contracts},
	year = {2018}}

@manual{securify,
	organization = {Sofware Reliability Lab},
	title = {Securify},
	url = {https://securify.ch/},
	year = {2019},
	bdsk-url-1 = {https://securify.ch/}}

@inproceedings{tsankov2018securify,
	author = {Tsankov, Petar and Dan, Andrei and Drachsler-Cohen, Dana and Gervais, Arthur and Buenzli, Florian and Vechev, Martin},
	booktitle = {Proceedings of the 2018 ACM SIGSAC Conference on Computer and Communications Security},
	organization = {ACM},
	pages = {67--82},
	title = {Securify: Practical Security Analysis of Smart Contracts},
	year = {2018}}

@inproceedings{brent2020ethainter,
  title={Ethainter: a smart contract security analyzer for composite vulnerabilities},
  author={Brent, Lexi and Grech, Neville and Lagouvardos, Sifis and Scholz, Bernhard and Smaragdakis, Yannis},
  booktitle={Proceedings of the 41st ACM SIGPLAN Conference on Programming Language Design and Implementation},
  pages={454--469},
  year={2020}
}

@article{feng2019precise,
	author = {Feng, Yu and Torlak, Emina and Bodik, Rastislav},
	date-added = {2020-07-27 16:06:07 +0800},
	date-modified = {2020-07-27 16:06:07 +0800},
	journal = {arXiv preprint arXiv:1902.06067},
	title = {{Precise Attack Synthesis for Smart Contracts}},
	year = {2019}}

@inproceedings{2018contractfuzzer,
	author = {Jiang, Bo and Liu, Ye and Chan, WK},
	booktitle = {Proceedings of the 33rd ACM/IEEE International Conference on Automated Software Engineering},
	organization = {ACM},
	pages = {259--269},
	title = {ContractFuzzer: Fuzzing Smart Contracts for Vulnerability Detection},
	year = {2018}}

@inproceedings{nguyen2020sfuzz,
	title={sfuzz: An efficient adaptive fuzzer for solidity smart contracts},
	author={Nguyen, Tai D and Pham, Long H and Sun, Jun and Lin, Yun and Minh, Quang Tran},
	booktitle={Proceedings of the ACM/IEEE 42nd International Conference on Software Engineering},
	pages={778--788},
	year={2020}
}

@manual{echidna,
	date-modified = {2020-02-25 11:17:51 +0800},
	organization = {Trail of Bits},
	title = {Echidna},
	url = {https://github.com/trailofbits/echidna},
	year = {2019},
	bdsk-url-1 = {https://github.com/trailofbits/echidna}}

@inproceedings{hildenbrandt2018kevm,
  title={Kevm: A complete formal semantics of the ethereum virtual machine},
  author={Hildenbrandt, Everett and Saxena, Manasvi and Rodrigues, Nishant and Zhu, Xiaoran and Daian, Philip and Guth, Dwight and Moore, Brandon and Park, Daejun and Zhang, Yi and Stefanescu, Andrei and others},
  booktitle={2018 IEEE 31st Computer Security Foundations Symposium (CSF)},
  pages={204--217},
  year={2018},
  organization={IEEE}
}

@inproceedings{zhou2023sok,
	title={Sok: Decentralized finance (defi) attacks},
	author={Zhou, Liyi and Xiong, Xihan and Ernstberger, Jens and Chaliasos, Stefanos and Wang, Zhipeng and Wang, Ye and Qin, Kaihua and Wattenhofer, Roger and Song, Dawn and Gervais, Arthur},
	booktitle={2023 IEEE Symposium on Security and Privacy (SP)},
	pages={2444--2461},
	year={2023},
	organization={IEEE}
}

@inproceedings{werner2022sok,
	title={Sok: Decentralized finance (defi)},
	author={Werner, Sam and Perez, Daniel and Gudgeon, Lewis and Klages-Mundt, Ariah and Harz, Dominik and Knottenbelt, William},
	booktitle={Proceedings of the 4th ACM Conference on Advances in Financial Technologies},
	pages={30--46},
	year={2022}
}

@article{wu2021defiranger,
	title={Defiranger: Detecting price manipulation attacks on defi applications},
	author={Wu, Siwei and Wang, Dabao and He, Jianting and Zhou, Yajin and Wu, Lei and Yuan, Xingliang and He, Qinming and Ren, Kui},
	journal={arXiv preprint arXiv:2104.15068},
	year={2021}
}

@misc{solidity,
	howpublished = {\url{https://solidity.readthedocs.io/en/v0.5.1/}},
	title = {{Solidity}},
	year = {2018}}

@misc{bsc,
	howpublished = {\url{https://www.bnbchain.org/zh-CN}},
	title = {{Binance Smart Chain (BSC)}},
	year = {2020}}

@misc{solana,
	howpublished = {\url{https://solana.com}},
	title = {{Solana: Web3 Infrastructure for Everyone}},
	year = {2020}}

@article{Ethereum,
	author = {Wood, Gavin},
	journal = {Ethereum project yellow paper},
	pages = {1--32},
	title = {Ethereum: A Secure Decentralised Generalised Transaction Ledger},
	volume = {151},
	year = {2014}}

@misc{SMMLBTs,
	howpublished = {\url{https://medium.com/@ultraxbt/the-liquidity-and-game-theory-of-new-self-marketmaking-tokenomics-models-on-trader-joe-v2-1-5357fbaff5b7}},
	title = {{The liquidity and game theory of new self-marketmaking tokenomics models on Trader Joe v2.1}},
	year = {2023}}
@article{li2022sok,
  title={SoK: TEE-assisted confidential smart contract},
  author={Li, Rujia and Wang, Qin and Wang, Qi and Galindo, David and Ryan, Mark},
  journal={arXiv preprint arXiv:2203.08548},
  year={2022}
}

@inproceedings{cheng2019ekiden,
  title={Ekiden: A platform for confidentiality-preserving, trustworthy, and performant smart contracts},
  author={Cheng, Raymond and Zhang, Fan and Kos, Jernej and He, Warren and Hynes, Nicholas and Johnson, Noah and Juels, Ari and Miller, Andrew and Song, Dawn},
  booktitle={2019 IEEE European Symposium on Security and Privacy (EuroS\&P)},
  pages={185--200},
  year={2019},
  organization={IEEE}
}

@article{yin2019phala,
  title={Phala network: A confidential smart contract network based on polkadot},
  author={Yin, Hang and Zhou, Shunfan and Jiang, Jun},
  journal={Phala Network, Singapore},
  year={2019}
}

@article{yuan2018shadoweth,
  title={Shadoweth: Private smart contract on public blockchain},
  author={Yuan, Rui and Xia, Yu-Bin and Chen, Hai-Bo and Zang, Bin-Yu and Xie, Jan},
  journal={Journal of Computer Science and Technology},
  volume={33},
  pages={542--556},
  year={2018},
  publisher={Springer}
}

@inproceedings{bunz2020zether,
  title={Zether: Towards privacy in a smart contract world},
  author={B{\"u}nz, Benedikt and Agrawal, Shashank and Zamani, Mahdi and Boneh, Dan},
  booktitle={International Conference on Financial Cryptography and Data Security},
  pages={423--443},
  year={2020},
  organization={Springer}
}

@article{russinovich2019ccf,
  title={CCF: A framework for building confidential verifiable replicated services},
  author={Russinovich, Mark and Ashton, Edward and Avanessians, Christine and Castro, Miguel and Chamayou, Amaury and Clebsch, Sylvan and Costa, Manuel and Fournet, C{\'e}dric and Kerner, Matthew and Krishna, Sid and others},
  journal={Microsoft, Redmond, WA, USA, Tech. Rep. MSR-TR-2019-16},
  year={2019}
}

@inproceedings{yan2020confidentiality,
  title={Confidentiality support over financial grade consortium blockchain},
  author={Yan, Ying and Wei, Changzheng and Guo, Xuepeng and Lu, Xuming and Zheng, Xiaofu and Liu, Qi and Zhou, Chenhui and Song, Xuyang and Zhao, Boran and Zhang, Hui and others},
  booktitle={Proceedings of the 2020 ACM SIGMOD international conference on management of data},
  pages={2227--2240},
  year={2020}
}

@inproceedings{kosba2016hawk,
  title={Hawk: The blockchain model of cryptography and privacy-preserving smart contracts},
  author={Kosba, Ahmed and Miller, Andrew and Shi, Elaine and Wen, Zikai and Papamanthou, Charalampos},
  booktitle={2016 IEEE symposium on security and privacy (SP)},
  pages={839--858},
  year={2016},
  organization={IEEE}
}

@inproceedings{xiao2020privacyguard,
  title={Privacyguard: Enforcing private data usage control with blockchain and attested off-chain contract execution},
  author={Xiao, Yang and Zhang, Ning and Li, Jin and Lou, Wenjing and Hou, Y Thomas},
  booktitle={Computer Security--ESORICS 2020: 25th European Symposium on Research in Computer Security, ESORICS 2020, Guildford, UK, September 14--18, 2020, Proceedings, Part II 25},
  pages={610--629},
  year={2020},
  organization={Springer}
}

@article{qi2024sok,
  title={SoK: Privacy-preserving smart contract},
  author={Qi, Huayi and Xu, Minghui and Yu, Dongxiao and Cheng, Xiuzhen},
  journal={High-Confidence Computing},
  volume={4},
  number={1},
  pages={100183},
  year={2024},
  publisher={Elsevier}
}


@misc{overflow,
	howpublished = {\url{https://owasp.org/www-project-smart-contract-top-10/2023/en/src/SC02-integer-overflow-underflow.html}},
	title = {Vulnerability: Integer Overflow and Underflow},
	year = {2023}}


@misc{reentrancy,
	howpublished = {\url{https://owasp.org/www-project-smart-contract-top-10/2023/en/src/SC01-reentrancy-attacks.html}},
	title = {Vulnerability: Reentrancy},
	year = {2023}}

@misc{randomness,
	howpublished = {\url{https://www.immunebytes.com/blog/bad-randomness-in-solidity-smart-contracts/}},
	title = {Bad Randomness in Solidity Smart Contracts},
	year = {2023}}

@misc{manipulation,
	howpublished = {\url{https://www.halborn.com/blog/post/what-are-price-oracle-manipulation-attacks-in-defi}},
	title = {What are Price Oracle Manipulation Attacks in DeFi?},
	year = {2024}}

@misc{frontrunning,
	howpublished = {\url{https://owasp.org/www-project-smart-contract-top-10/2023/en/src/SC05-front-running-attacks.html}},
	title = {Vulnerability: Front-Running Attacks},
	year = {2023}}

@article{magazzeni2017validation,
	title={Validation and verification of smart contracts: A research agenda},
	author={Magazzeni, Daniele and McBurney, Peter and Nash, William},
	journal={Computer},
	volume={50},
	number={9},
	pages={50--57},
	year={2017},
	publisher={IEEE}
}

@article{rodler2018sereum,
	author = {Rodler, Michael and Li, Wenting and Karame, Ghassan O and Davi, Lucas},
	journal = {arXiv preprint arXiv:1812.05934},
	title = {Sereum: Protecting Existing Smart Contracts against Re-Entrancy Attacks},
	year = {2018}}

@inproceedings{li2020securing,
	title={Securing smart contract with runtime validation},
	author={Li, Ao and Choi, Jemin Andrew and Long, Fan},
	booktitle={Proceedings of the 41st ACM SIGPLAN Conference on Programming Language Design and Implementation},
	pages={438--453},
	year={2020}
}

@article{chen2024demystifying,
  title={Demystifying invariant effectiveness for securing smart contracts},
  author={Chen, Zhiyang and Liu, Ye and Beillahi, Sidi Mohamed and Li, Yi and Long, Fan},
  journal={Proceedings of the ACM on Software Engineering},
  volume={1},
  number={FSE},
  pages={1772--1795},
  year={2024},
  publisher={ACM New York, NY, USA}
}

@article{yu2020smart,
  title={Smart contract repair},
  author={Yu, Xiao Liang and Al-Bataineh, Omar and Lo, David and Roychoudhury, Abhik},
  journal={ACM Transactions on Software Engineering and Methodology (TOSEM)},
  volume={29},
  number={4},
  pages={1--32},
  year={2020},
  publisher={ACM New York, NY, USA}
}

@article{jin2021aroc,
  title={Aroc: An automatic repair framework for on-chain smart contracts},
  author={Jin, Hai and Wang, Zeli and Wen, Ming and Dai, Weiqi and Zhu, Yu and Zou, Deqing},
  journal={IEEE Transactions on Software Engineering},
  volume={48},
  number={11},
  pages={4611--4629},
  year={2021},
  publisher={IEEE}
}

@inproceedings{so2023smartfix,
  title={Smartfix: Fixing vulnerable smart contracts by accelerating generate-and-verify repair using statistical models},
  author={So, Sunbeom and Oh, Hakjoo},
  booktitle={Proceedings of the 31st ACM Joint European Software Engineering Conference and Symposium on the Foundations of Software Engineering},
  pages={185--197},
  year={2023}
}

@article{gao2024sguard+,
  title={sGuard+: Machine learning guided rule-based automated vulnerability repair on smart contracts},
  author={Gao, Cuifeng and Yang, Wenzhang and Ye, Jiaming and Xue, Yinxing and Sun, Jun},
  journal={ACM Transactions on Software Engineering and Methodology},
  volume={33},
  number={5},
  pages={1--55},
  year={2024},
  publisher={ACM New York, NY}
}

@inproceedings{nguyen2021sguard,
  title={SGUARD: towards fixing vulnerable smart contracts automatically},
  author={Nguyen, Tai D and Pham, Long H and Sun, Jun},
  booktitle={2021 IEEE Symposium on Security and Privacy (SP)},
  pages={1215--1229},
  year={2021},
  organization={IEEE}
}

@article{zhang2024acfix,
  title={Acfix: Guiding llms with mined common rbac practices for context-aware repair of access control vulnerabilities in smart contracts},
  author={Zhang, Lyuye and Li, Kaixuan and Sun, Kairan and Wu, Daoyuan and Liu, Ye and Tian, Haoye and Liu, Yang},
  journal={arXiv preprint arXiv:2403.06838},
  year={2024}
}

@inproceedings{tolmach2022property,
  title={Property-based automated repair of defi protocols},
  author={Tolmach, Palina and Li, Yi and Lin, Shang-Wei},
  booktitle={Proceedings of the 37th IEEE/ACM International Conference on Automated Software Engineering},
  pages={1--5},
  year={2022}
}

@inproceedings{zhang2020smartshield,
  title={Smartshield: Automatic smart contract protection made easy},
  author={Zhang, Yuyao and Ma, Siqi and Li, Juanru and Li, Kailai and Nepal, Surya and Gu, Dawu},
  booktitle={2020 IEEE 27th International Conference on Software Analysis, Evolution and Reengineering (SANER)},
  pages={23--34},
  year={2020},
  organization={IEEE}
}



@misc{scrt,
	howpublished = {\url{https://scrt.network/}},
	title = {Secret Network: Putting Privacy First with Decentralized Confidential Computing},
	year = {2020}}


@article{zdancewic2002secure,
  title={Secure program partitioning},
  author={Zdancewic, Steve and Zheng, Lantian and Nystrom, Nathaniel and Myers, Andrew C},
  journal={ACM Transactions on Computer Systems (TOCS)},
  volume={20},
  number={3},
  pages={283--328},
  year={2002},
  publisher={ACM New York, NY, USA}
}


@article{saltzer1975protection,
  title={The protection of information in computer systems},
  author={Saltzer, Jerome H and Schroeder, Michael D},
  journal={Proceedings of the IEEE},
  volume={63},
  number={9},
  pages={1278--1308},
  year={1975},
  publisher={IEEE}
}

@inproceedings{shirafuji2023refactoring,
  title={Refactoring programs using large language models with few-shot examples},
  author={Shirafuji, Atsushi and Oda, Yusuke and Suzuki, Jun and Morishita, Makoto and Watanobe, Yutaka},
  booktitle={2023 30th Asia-Pacific Software Engineering Conference (APSEC)},
  pages={151--160},
  year={2023},
  organization={IEEE}
}

@article{grubisic2024compiler,
  title={Compiler generated feedback for Large Language Models},
  author={Grubisic, Dejan and Cummins, Chris and Seeker, Volker and Leather, Hugh},
  journal={arXiv preprint arXiv:2403.14714},
  year={2024}
}

@inproceedings{jiao2020semantic,
  title={Semantic understanding of smart contracts: Executable operational semantics of solidity},
  author={Jiao, Jiao and Kan, Shuanglong and Lin, Shang-Wei and Sanan, David and Liu, Yang and Sun, Jun},
  booktitle={2020 IEEE Symposium on Security and Privacy (SP)},
  pages={1695--1712},
  year={2020},
  organization={IEEE}
}

@Misc{fhEVM,
title={{Confidential EVM Smart Contracts using Fully Homomorphic Encryption}},
author={Zama},
year={2024},
note={\url{https://github.com/zama-ai/fhevm}},
}


@Misc{COTI,
title={{COTI V2: Confidential Computing Ethereum Layer 2}},
author={Nir, Haloani and Avishay, Yanai and Meital, Levy and Yair, Lavi},
year={2024},
note={\url{https://coti.io/files/coti_v2_whitepaper.pdf}},
}




@manual{fhevm-examples,
	date-modified = {2024-12-28 11:17:51 +0800},
	organization = {Zama},
	title = {fhEVM},
	url = {https://github.com/zama-ai/fhevm},
	year = {2023},
	bdsk-url-1 = {https://github.com/zama-ai/fhevm}}

@manual{COTI-examples,
	date-modified = {2024-6-28 11:17:51 +0800},
	organization = {COTI},
	title = {COTI V2 Confidentiality Preserving L2: SDKs and Examples},
	url = {https://github.com/coti-io/confidentiality-contracts},
	year = {2024},
	bdsk-url-1 = {https://github.com/coti-io/confidentiality-contracts}}

@manual{DeFiHacks,
	date-modified = {2024-12-07 11:17:51 +0800},
	organization = {DeFiHackLabs},
	title = {DeFi Hacks Reproduce-- Foundry},
	url = {https://github.com/SunWeb3Sec/DeFiHackLabs},
	year = {2023},
	bdsk-url-1 = {https://github.com/SunWeb3Sec/DeFiHackLabs}}

@inproceedings{almashaqbeh2022sok,
  title={Sok: Privacy-preserving computing in the blockchain era},
  author={Almashaqbeh, Ghada and Solomon, Ravital},
  booktitle={2022 IEEE 7th European Symposium on Security and Privacy (EuroS\&P)},
  pages={124--139},
  year={2022},
  organization={IEEE}
}

@article{nakamoto2008bitcoin,
  title={Bitcoin: A peer-to-peer electronic cash system},
  author={Nakamoto, Satoshi},
  journal={Satoshi Nakamoto},
  year={2008}
}

@inproceedings{solomon2023smartfhe,
  title={smartfhe: Privacy-preserving smart contracts from fully homomorphic encryption},
  author={Solomon, Ravital and Weber, Rick and Almashaqbeh, Ghada},
  booktitle={2023 IEEE 8th European Symposium on Security and Privacy (EuroS\&P)},
  pages={309--331},
  year={2023},
  organization={IEEE}
}

@inproceedings{ren2022cloak,
  title={Cloak: Transitioning states on legacy blockchains using secure and publicly verifiable off-chain multi-party computation},
  author={Ren, Qian and Wu, Yingjun and Liu, Han and Li, Yue and Victor, Anne and Lei, Hong and Wang, Lei and Chen, Bangdao},
  booktitle={Proceedings of the 38th Annual Computer Security Applications Conference},
  pages={117--131},
  year={2022}
}

@inproceedings{liu2017ptrsplit,
  title={Ptrsplit: Supporting general pointers in automatic program partitioning},
  author={Liu, Shen and Tan, Gang and Jaeger, Trent},
  booktitle={Proceedings of the 2017 ACM SIGSAC Conference on Computer and Communications Security},
  pages={2359--2371},
  year={2017}
}

@inproceedings{atzei2017survey,
  title={A survey of attacks on ethereum smart contracts (sok)},
  author={Atzei, Nicola and Bartoletti, Massimo and Cimoli, Tiziana},
  booktitle={Principles of Security and Trust: 6th International Conference, POST 2017, Held as Part of the European Joint Conferences on Theory and Practice of Software, ETAPS 2017, Uppsala, Sweden, April 22-29, 2017, Proceedings 6},
  pages={164--186},
  year={2017},
  organization={Springer}
}

@inproceedings{de2008z3,
  title={Z3: An efficient SMT solver},
  author={De Moura, Leonardo and Bj{\o}rner, Nikolaj},
  booktitle={International conference on Tools and Algorithms for the Construction and Analysis of Systems},
  pages={337--340},
  year={2008},
  organization={Springer}
}

@misc{eip20,
	date-modified = {2023-02-04 17:16:22 +0800},
	howpublished = {\url{https://eips.ethereum.org/EIPS/eip-20}},
	title = {{EIP-20}: A standard interface for tokens},
	year = {2015}}


@misc{Jimbo,
	date-modified = {2023-06-09 17:16:22 +0800},
	howpublished = {\url{https://quillaudits.medium.com/decoding-jimbos-protocol-7-5m-exploit-quillaudits-772ad1db6c07}},
	title = {Decoding Jimbo's Protocol Exploit},
	year = {2023}}


@misc{Ganache,
	date-modified = {2023-06-09 17:16:22 +0800},
	howpublished = {\url{https://github.com/trufflesuite/ganache}},
	title = {{Ganache}: A tool for creating a local blockchain for fast Ethereum development},
	year = {2023}}

@article{LLama2,
  title        = {Llama 2: Open Foundation and Fine-Tuned Chat Models},
  note         = {arXiv:2307.09288},
  publisher    = {arXiv},
  year         = {2023},
  author={Hugo Touvron and Louis Martin and Kevin Stone and et al.}
}
