@inproceedings{carion2020detr,
  title={End-to-end object detection with transformers},
  author={Carion, Nicolas and Massa, Francisco and Synnaeve, Gabriel and Usunier, Nicolas and Kirillov, Alexander and Zagoruyko, Sergey},
  booktitle={European conference on computer vision},
  pages={213--229},
  year={2020},
  organization={Springer}
}

@inproceedings{chen2019cooper,
  title={Cooper: Cooperative perception for connected autonomous vehicles based on 3d point clouds},
  author={Chen, Qi and Tang, Sihai and Yang, Qing and Fu, Song},
  booktitle={2019 IEEE 39th International Conference on Distributed Computing Systems (ICDCS)},
  pages={514--524},
  year={2019},
  organization={IEEE}
}

@article{chen2022co3,
  title={CO\^{} 3: Cooperative Unsupervised 3D Representation Learning for Autonomous Driving},
  author={Chen, Runjian and Mu, Yao and Xu, Runsen and Shao, Wenqi and Jiang, Chenhan and Xu, Hang and Li, Zhenguo and Luo, Ping},
  journal={arXiv preprint arXiv:2206.04028},
  year={2022}
}

@article{chen2022futr3d,
  title={Futr3d: A unified sensor fusion framework for 3d detection},
  author={Chen, Xuanyao and Zhang, Tianyuan and Wang, Yue and Wang, Yilun and Zhao, Hang},
  journal={arXiv preprint arXiv:2203.10642},
  year={2022}
}

@article{chen2022model-agnostic,
  title={Model-agnostic multi-agent perception framework},
  author={Chen, Weizhe and Xu, Runsheng and Xiang, Hao and Liu, Lantao and Ma, Jiaqi},
  journal={arXiv preprint arXiv:2203.13168},
  year={2022}
}

@inproceedings{chen2023transiff,
  title={Transiff: An instance-level feature fusion framework for vehicle-infrastructure cooperative 3d detection with transformers},
  author={Chen, Ziming and Shi, Yifeng and Jia, Jinrang},
  booktitle={Proceedings of the IEEE/CVF International Conference on Computer Vision},
  pages={18205--18214},
  year={2023}
}

@inproceedings{cui2022coopernaut,
  title={Coopernaut: End-to-end driving with cooperative perception for networked vehicles},
  author={Cui, Jiaxun and Qiu, Hang and Chen, Dian and Stone, Peter and Zhu, Yuke},
  booktitle={Proceedings of the IEEE/CVF Conference on Computer Vision and Pattern Recognition},
  pages={17252--17262},
  year={2022}
}

@article{fan2023quest,
  title={Quest: Query stream for vehicle-infrastructure cooperative perception},
  author={Fan, Siqi and Yu, Haibao and Yang, Wenxian and Yuan, Jirui and Nie, Zaiqing},
  journal={arXiv preprint arXiv:2308.01804},
  year={2023}
}

@article{hu2022where2comm,
  title={Where2comm: Communication-efficient collaborative perception via spatial confidence maps},
  author={Hu, Yue and Fang, Shaoheng and Lei, Zixing and Zhong, Yiqi and Chen, Siheng},
  journal={arXiv preprint arXiv:2209.12836},
  year={2022}
}

@inproceedings{hu2023_uniad,
 title={Planning-oriented Autonomous Driving}, 
 author={Yihan Hu and Jiazhi Yang and Li Chen and Keyu Li and Chonghao Sima and Xizhou Zhu and Siqi Chai and Senyao Du and Tianwei Lin and Wenhai Wang and Lewei Lu and Xiaosong Jia and Qiang Liu and Jifeng Dai and Yu Qiao and Hongyang Li},
 booktitle={Proceedings of the IEEE/CVF Conference on Computer Vision and Pattern Recognition},
 year={2023},
}

@inproceedings{hu2023coca3d,
  title={Collaboration Helps Camera Overtake LiDAR in 3D Detection},
  author={Hu, Yue and Lu, Yifan and Xu, Runsheng and Xie, Weidi and Chen, Siheng and Wang, Yanfeng},
  booktitle={Proceedings of the IEEE/CVF Conference on Computer Vision and Pattern Recognition},
  pages={9243--9252},
  year={2023}
}

@article{li2022bevformer,
  title={BEVFormer: Learning Bird's-Eye-View Representation from Multi-Camera Images via Spatiotemporal Transformers},
  author={Li, Zhiqi and Wang, Wenhai and Li, Hongyang and Xie, Enze and Sima, Chonghao and Lu, Tong and Yu, Qiao and Dai, Jifeng},
  journal={arXiv preprint arXiv:2203.17270},
  year={2022}
}

@inproceedings{maiti2023transfusion,
  title={TransFusion: Multi-modal fusion network for semantic segmentation},
  author={Maiti, Abhisek and Elberink, Sander Oude and Vosselman, George},
  booktitle={Proceedings of the IEEE/CVF Conference on Computer Vision and Pattern Recognition},
  pages={6537--6547},
  year={2023}
}

@inproceedings{mehr2019disconet,
  title={DiscoNet: Shapes learning on disconnected manifolds for 3D editing},
  author={Mehr, Eloi and Jourdan, Ariane and Thome, Nicolas and Cord, Matthieu and Guitteny, Vincent},
  booktitle={Proceedings of the IEEE/CVF International Conference on Computer Vision},
  pages={3474--3483},
  year={2019}
}

@inproceedings{meinhardt2022trackformer,
  title={Trackformer: Multi-object tracking with transformers},
  author={Meinhardt, Tim and Kirillov, Alexander and Leal-Taixe, Laura and Feichtenhofer, Christoph},
  booktitle={Proceedings of the IEEE/CVF conference on computer vision and pattern recognition},
  pages={8844--8854},
  year={2022}
}

@inproceedings{pang2023pf-track,
  title={Standing between past and future: Spatio-temporal modeling for multi-camera 3d multi-object tracking},
  author={Pang, Ziqi and Li, Jie and Tokmakov, Pavel and Chen, Dian and Zagoruyko, Sergey and Wang, Yu-Xiong},
  booktitle={Proceedings of the IEEE/CVF conference on computer vision and pattern recognition},
  pages={17928--17938},
  year={2023}
}

@article{peng2022bevsegformer,
  title={BEVSegFormer: Bird's Eye View Semantic Segmentation From Arbitrary Camera Rigs},
  author={Peng, Lang and Chen, Zhirong and Fu, Zhangjie and Liang, Pengpeng and Cheng, Erkang},
  journal={arXiv preprint arXiv:2203.04050},
  year={2022}
}

@inproceedings{wang2020v2vnet,
  title={V2vnet: Vehicle-to-vehicle communication for joint perception and prediction},
  author={Wang, Tsun-Hsuan and Manivasagam, Sivabalan and Liang, Ming and Yang, Bin and Zeng, Wenyuan and Urtasun, Raquel},
  booktitle={Computer Vision--ECCV 2020: 16th European Conference, Glasgow, UK, August 23--28, 2020, Proceedings, Part II 16},
  pages={605--621},
  year={2020},
  organization={Springer}
}

@inproceedings{wang2022detr3d,
  title={Detr3d: 3d object detection from multi-view images via 3d-to-2d queries},
  author={Wang, Yue and Guizilini, Vitor Campagnolo and Zhang, Tianyuan and Wang, Yilun and Zhao, Hang and Solomon, Justin},
  booktitle={Conference on Robot Learning},
  pages={180--191},
  year={2022},
  organization={PMLR}
}

@article{wang2024emiff,
  title={Emiff: Enhanced multi-scale image feature fusion for vehicle-infrastructure cooperative 3d object detection},
  author={Wang, Zhe and Fan, Siqi and Huo, Xiaoliang and Xu, Tongda and Wang, Yan and Liu, Jingjing and Chen, Yilun and Zhang, Ya-Qin},
  journal={arXiv preprint arXiv:2402.15272},
  year={2024}
}

@inproceedings{wei2023cobevflow,
      title={Asynchrony-Robust Collaborative Perception via Bird's Eye View Flow}, 
      author={Sizhe Wei and Yuxi Wei and Yue Hu and Yifan Lu and Yiqi Zhong and Siheng Chen and Ya Zhang},
      booktitle = {Advances in Neural Information Processing Systems},
      year={2023}
}

@article{xu2022cobevt,
  title={CoBEVT: Cooperative bird's eye view semantic segmentation with sparse transformers},
  author={Xu, Runsheng and Tu, Zhengzhong and Xiang, Hao and Shao, Wei and Zhou, Bolei and Ma, Jiaqi},
  journal={arXiv preprint arXiv:2207.02202},
  year={2022}
}

@inproceedings{xu2022opv2v,
  title={Opv2v: An open benchmark dataset and fusion pipeline for perception with vehicle-to-vehicle communication},
  author={Xu, Runsheng and Xiang, Hao and Xia, Xin and Han, Xu and Li, Jinlong and Ma, Jiaqi},
  booktitle={2022 International Conference on Robotics and Automation (ICRA)},
  pages={2583--2589},
  year={2022},
  organization={IEEE}
}

@inproceedings{xu2022v2xvit,
  title={V2X-ViT: Vehicle-to-everything cooperative perception with vision transformer},
  author={Xu, Runsheng and Xiang, Hao and Tu, Zhengzhong and Xia, Xin and Yang, Ming-Hsuan and Ma, Jiaqi},
  booktitle={Computer Vision--ECCV 2022: 17th European Conference, Tel Aviv, Israel, October 23--27, 2022, Proceedings, Part XXXIX},
  pages={107--124},
  year={2022},
  organization={Springer}
}

@inproceedings{yang2023bevformerv2,
  title={Bevformer v2: Adapting modern image backbones to bird's-eye-view recognition via perspective supervision},
  author={Yang, Chenyu and Chen, Yuntao and Tian, Hao and Tao, Chenxin and Zhu, Xizhou and Zhang, Zhaoxiang and Huang, Gao and Li, Hongyang and Qiao, Yu and Lu, Lewei and others},
  booktitle={Proceedings of the IEEE/CVF Conference on Computer Vision and Pattern Recognition},
  pages={17830--17839},
  year={2023}
}

@inproceedings{yu2022dairv2x,
    title={DAIR-V2X: A Large-Scale Dataset for Vehicle-Infrastructure Cooperative 3D Object Detection},
    author={Yu, Haibao and Luo, Yizhen and Shu, Mao and Huo, Yiyi and Yang, Zebang and Shi, Yifeng and Guo, Zhenglong and Li, Hanyu and Hu, Xing and Yuan, Jirui and Nie, Zaiqing},
    booktitle={IEEE/CVF Conf.~on Computer Vision and Pattern Recognition (CVPR)},
    month = jun,
    year={2022}
}

@article{yu2023ffnet,
  title={Vehicle-infrastructure cooperative 3d object detection via feature flow prediction},
  author={Yu, Haibao and Tang, Yingjuan and Xie, Enze and Mao, Jilei and Yuan, Jirui and Luo, Ping and Nie, Zaiqing},
  journal={arXiv preprint arXiv:2303.10552},
  year={2023}
}

@inproceedings{yu2024_univ2x,
 title={End-to-End Autonomous Driving through V2X Cooperation}, 
 author={Haibao Yu and Wenxian Yang and Jiaru Zhong and Zhenwei Yang and Siqi Fan and Ping Luo and Zaiqing Nie},
 booktitle={https://arxiv.org/abs/2404.00717},
 year={2024},
}

@inproceedings{zeng2022motr,
  title={Motr: End-to-end multiple-object tracking with transformer},
  author={Zeng, Fangao and Dong, Bin and Zhang, Yuang and Wang, Tiancai and Zhang, Xiangyu and Wei, Yichen},
  booktitle={European Conference on Computer Vision},
  pages={659--675},
  year={2022},
  organization={Springer}
}

@inproceedings{zhang2022mutr3d,
  title={Mutr3d: A multi-camera tracking framework via 3d-to-2d queries},
  author={Zhang, Tianyuan and Chen, Xuanyao and Wang, Yue and Wang, Yilun and Zhao, Hang},
  booktitle={Proceedings of the IEEE/CVF Conference on Computer Vision and Pattern Recognition},
  pages={4537--4546},
  year={2022}
}

