% This file was created with JabRef 2.10.
% Encoding: UTF-8


@Article{Gauss1857,
  Title                    = {Theory of the motion of the heavenly bodies moving about the sun in conic sections},
  Author                   = {Carl Friedrich Gauss and Charles Henry Davis},
  Journal                  = {Gauss's Theoria Motus},
  Year                     = {1857},
  Number                   = {1},
  Pages                    = {5--23},
  Volume                   = {76}
}

@Book{Lagrange1788,
  title		= {M{\'e}canique Analytique},
  author	= {Joseph-Louis Lagrange},
  publisher	= {Desaint, Paris},
  year		= {1788}
}

@article{zou2022hft,
  title={HFT: Lifting Perspective Representations via Hybrid Feature Transformation},
  author={Zou, Jiayu and Xiao, Junrui and Zhu, Zheng and Huang, Junjie and Huang, Guan and Du, Dalong and Wang, Xingang},
  journal={arXiv preprint arXiv:2204.05068},
  year={2022}
}

@inproceedings{wang2022detr3d,
  title={Detr3d: 3d object detection from multi-view images via 3d-to-2d queries},
  author={Wang, Yue and Guizilini, Vitor Campagnolo and Zhang, Tianyuan and Wang, Yilun and Zhao, Hang and Solomon, Justin},
  booktitle={Conference on Robot Learning},
  pages={180--191},
  year={2022},
  organization={PMLR}
}

@article{chen2022futr3d,
  title={Futr3d: A unified sensor fusion framework for 3d detection},
  author={Chen, Xuanyao and Zhang, Tianyuan and Wang, Yue and Wang, Yilun and Zhao, Hang},
  journal={arXiv preprint arXiv:2203.10642},
  year={2022}
}

@article{liu2022petr,
  title={Petr: Position embedding transformation for multi-view 3d object detection},
  author={Liu, Yingfei and Wang, Tiancai and Zhang, Xiangyu and Sun, Jian},
  journal={arXiv preprint arXiv:2203.05625},
  year={2022}
}

@article{liu2022petrv2,
  title={PETRv2: A Unified Framework for 3D Perception from Multi-Camera Images},
  author={Liu, Yingfei and Yan, Junjie and Jia, Fan and Li, Shuailin and Gao, Qi and Wang, Tiancai and Zhang, Xiangyu and Sun, Jian},
  journal={arXiv preprint arXiv:2206.01256},
  year={2022}
}

@article{chen2022graphdetr3d,
  title={Graph-DETR3D: Rethinking Overlapping Regions for Multi-View 3D Object Detection},
  author={Chen, Zehui and Li, Zhenyu and Zhang, Shiquan and Fang, Liangji and Jiang, Qinhong and Zhao, Feng},
  journal={arXiv preprint arXiv:2204.11582},
  year={2022}
}

@inproceedings{wang2021fcos3d,
  title={Fcos3d: Fully convolutional one-stage monocular 3d object detection},
  author={Wang, Tai and Zhu, Xinge and Pang, Jiangmiao and Lin, Dahua},
  booktitle={Proceedings of the IEEE/CVF International Conference on Computer Vision},
  pages={913--922},
  year={2021}
}

@inproceedings{philion2020lss,
  title={Lift, splat, shoot: Encoding images from arbitrary camera rigs by implicitly unprojecting to 3d},
  author={Philion, Jonah and Fidler, Sanja},
  booktitle={European Conference on Computer Vision},
  pages={194--210},
  year={2020},
  organization={Springer}
}

@inproceedings{reading2021caddn,
  title={Categorical depth distribution network for monocular 3d object detection},
  author={Reading, Cody and Harakeh, Ali and Chae, Julia and Waslander, Steven L},
  booktitle={Proceedings of the IEEE/CVF Conference on Computer Vision and Pattern Recognition},
  pages={8555--8564},
  year={2021}
}

@inproceedings{roddick2020pon,
  title={Predicting semantic map representations from images using pyramid occupancy networks},
  author={Roddick, Thomas and Cipolla, Roberto},
  booktitle={Proceedings of the IEEE/CVF Conference on Computer Vision and Pattern Recognition},
  pages={11138--11147},
  year={2020}
}

@inproceedings{hu2021fiery,
  title={FIERY: Future Instance Prediction in Bird's-Eye View From Surround Monocular Cameras},
  author={Hu, Anthony and Murez, Zak and Mohan, Nikhil and Dudas, Sof{\'\i}a and Hawke, Jeffrey and Badrinarayanan, Vijay and Cipolla, Roberto and Kendall, Alex},
  booktitle={Proceedings of the IEEE/CVF International Conference on Computer Vision},
  pages={15273--15282},
  year={2021}
}

@article{huang2021bevdet,
  title={Bevdet: High-performance multi-camera 3d object detection in bird-eye-view},
  author={Huang, Junjie and Huang, Guan and Zhu, Zheng and Du, Dalong},
  journal={arXiv preprint arXiv:2112.11790},
  year={2021}
}

@article{huang2022bevdet4d,
  title={Bevdet4d: Exploit temporal cues in multi-camera 3d object detection},
  author={Huang, Junjie and Huang, Guan},
  journal={arXiv preprint arXiv:2203.17054},
  year={2022}
}

@article{zhang2022beverse,
  title={BEVerse: Unified Perception and Prediction in Birds-Eye-View for Vision-Centric Autonomous Driving},
  author={Zhang, Yunpeng and Zhu, Zheng and Zheng, Wenzhao and Huang, Junjie and Huang, Guan and Zhou, Jie and Lu, Jiwen},
  journal={arXiv preprint arXiv:2205.09743},
  year={2022}
}

@article{xie2022m2bev,
  title={M\^{} 2BEV: Multi-Camera Joint 3D Detection and Segmentation with Unified Birds-Eye View Representation},
  author={Xie, Enze and Yu, Zhiding and Zhou, Daquan and Philion, Jonah and Anandkumar, Anima and Fidler, Sanja and Luo, Ping and Alvarez, Jose M},
  journal={arXiv preprint arXiv:2204.05088},
  year={2022}
}

@article{li2022bevdepth,
  title={Bevdepth: Acquisition of reliable depth for multi-view 3d object detection},
  author={Li, Yinhao and Ge, Zheng and Yu, Guanyi and Yang, Jinrong and Wang, Zengran and Shi, Yukang and Sun, Jianjian and Li, Zeming},
  journal={arXiv preprint arXiv:2206.10092},
  year={2022}
}

@article{li2022bevformer,
  title={BEVFormer: Learning Bird's-Eye-View Representation from Multi-Camera Images via Spatiotemporal Transformers},
  author={Li, Zhiqi and Wang, Wenhai and Li, Hongyang and Xie, Enze and Sima, Chonghao and Lu, Tong and Yu, Qiao and Dai, Jifeng},
  journal={arXiv preprint arXiv:2203.17270},
  year={2022}
}

@inproceedings{yang2023bevformerv2,
  title={Bevformer v2: Adapting modern image backbones to bird's-eye-view recognition via perspective supervision},
  author={Yang, Chenyu and Chen, Yuntao and Tian, Hao and Tao, Chenxin and Zhu, Xizhou and Zhang, Zhaoxiang and Huang, Gao and Li, Hongyang and Qiao, Yu and Lu, Lewei and others},
  booktitle={Proceedings of the IEEE/CVF Conference on Computer Vision and Pattern Recognition},
  pages={17830--17839},
  year={2023}
}

@article{peng2022bevsegformer,
  title={BEVSegFormer: Bird's Eye View Semantic Segmentation From Arbitrary Camera Rigs},
  author={Peng, Lang and Chen, Zhirong and Fu, Zhangjie and Liang, Pengpeng and Cheng, Erkang},
  journal={arXiv preprint arXiv:2203.04050},
  year={2022}
}

@inproceedings{saha2022tim,
  title={Translating images into maps},
  author={Saha, Avishkar and Mendez, Oscar and Russell, Chris and Bowden, Richard},
  booktitle={2022 International Conference on Robotics and Automation (ICRA)},
  pages={9200--9206},
  year={2022},
  organization={IEEE}
}

@inproceedings{zhou2022cvt,
  title={Cross-view Transformers for real-time Map-view Semantic Segmentation},
  author={Zhou, Brady and Kr{\"a}henb{\"u}hl, Philipp},
  booktitle={Proceedings of the IEEE/CVF Conference on Computer Vision and Pattern Recognition},
  pages={13760--13769},
  year={2022}
}

@article{bartoccioni2022lara,
  title={LaRa: Latents and Rays for Multi-Camera Bird's-Eye-View Semantic Segmentation},
  author={Bartoccioni, Florent and Zablocki, {\'E}loi and Bursuc, Andrei and P{\'e}rez, Patrick and Cord, Matthieu and Alahari, Karteek},
  journal={arXiv preprint arXiv:2206.13294},
  year={2022}
}

@article{roddick2018oftnet,
  title={Orthographic feature transform for monocular 3d object detection},
  author={Roddick, Thomas and Kendall, Alex and Cipolla, Roberto},
  journal={arXiv preprint arXiv:1811.08188},
  year={2018}
}

@article{lu2019ved,
  title={Monocular semantic occupancy grid mapping with convolutional variational encoder--decoder networks},
  author={Lu, Chenyang and van de Molengraft, Marinus Jacobus Gerardus and Dubbelman, Gijs},
  journal={IEEE Robotics and Automation Letters},
  volume={4},
  number={2},
  pages={445--452},
  year={2019},
  publisher={IEEE}
}

@article{pan2020vpn,
  title={Cross-view semantic segmentation for sensing surroundings},
  author={Pan, Bowen and Sun, Jiankai and Leung, Ho Yin Tiga and Andonian, Alex and Zhou, Bolei},
  journal={IEEE Robotics and Automation Letters},
  volume={5},
  number={3},
  pages={4867--4873},
  year={2020},
  publisher={IEEE}
}

@article{hendy2020fishingnet,
  title={Fishing net: Future inference of semantic heatmaps in grids},
  author={Hendy, Noureldin and Sloan, Cooper and Tian, Feng and Duan, Pengfei and Charchut, Nick and Xie, Yuesong and Wang, Chuang and Philbin, James},
  journal={arXiv preprint arXiv:2006.09917},
  year={2020}
}

@inproceedings{saha2022aog,
  title={" The Pedestrian next to the Lamppost" Adaptive Object Graphs for Better Instantaneous Mapping},
  author={Saha, Avishkar and Mendez, Oscar and Russell, Chris and Bowden, Richard},
  booktitle={Proceedings of the IEEE/CVF Conference on Computer Vision and Pattern Recognition},
  pages={19528--19537},
  year={2022}
}

@inproceedings{yang2021pyva,
  title={Projecting your view attentively: Monocular road scene layout estimation via cross-view transformation},
  author={Yang, Weixiang and Li, Qi and Liu, Wenxi and Yu, Yuanlong and Ma, Yuexin and He, Shengfeng and Pan, Jia},
  booktitle={Proceedings of the IEEE/CVF Conference on Computer Vision and Pattern Recognition},
  pages={15536--15545},
  year={2021}
}

@inproceedings{park2021dd3d,
  title={Is pseudo-lidar needed for monocular 3d object detection?},
  author={Park, Dennis and Ambrus, Rares and Guizilini, Vitor and Li, Jie and Gaidon, Adrien},
  booktitle={Proceedings of the IEEE/CVF International Conference on Computer Vision},
  pages={3142--3152},
  year={2021}
}

@article{ma2022bevsurvey,
  title={Vision-centric bev perception: A survey},
  author={Ma, Yuexin and Wang, Tai and Bai, Xuyang and Yang, Huitong and Hou, Yuenan and Wang, Yaming and Qiao, Yu and Yang, Ruigang and Manocha, Dinesh and Zhu, Xinge},
  journal={arXiv preprint arXiv:2208.02797},
  year={2022}
}

@article{li2022bevreview,
  title={Delving into the Devils of Bird's-eye-view Perception: A Review, Evaluation and Recipe},
  author={Li, Hongyang and Sima, Chonghao and Dai, Jifeng and Wang, Wenhai and Lu, Lewei and Wang, Huijie and Xie, Enze and Li, Zhiqi and Deng, Hanming and Tian, Hao and others},
  journal={arXiv preprint arXiv:2209.05324},
  year={2022}
}

@inproceedings{tian2019fcos,
  title={Fcos: Fully convolutional one-stage object detection},
  author={Tian, Zhi and Shen, Chunhua and Chen, Hao and He, Tong},
  booktitle={Proceedings of the IEEE/CVF international conference on computer vision},
  pages={9627--9636},
  year={2019}
}

@inproceedings{wang2022tokenfusion,
  title={Multimodal Token Fusion for Vision Transformers},
  author={Wang, Yikai and Chen, Xinghao and Cao, Lele and Huang, Wenbing and Sun, Fuchun and Wang, Yunhe},
  booktitle={Proceedings of the IEEE/CVF Conference on Computer Vision and Pattern Recognition},
  pages={12186--12195},
  year={2022}
}

@article{mallot1991ipm,
  title={Inverse perspective mapping simplifies optical flow computation and obstacle detection},
  author={Mallot, Hanspeter A and B{\"u}lthoff, Heinrich H and Little, JJ and Bohrer, Stefan},
  journal={Biological cybernetics},
  volume={64},
  number={3},
  pages={177--185},
  year={1991},
  publisher={Springer}
}

@inproceedings{godard2019monodepthv2,
  title={Digging into self-supervised monocular depth estimation},
  author={Godard, Cl{\'e}ment and Mac Aodha, Oisin and Firman, Michael and Brostow, Gabriel J},
  booktitle={Proceedings of the IEEE/CVF International Conference on Computer Vision},
  pages={3828--3838},
  year={2019}
}

@inproceedings{yu2022dairv2x,
    title={DAIR-V2X: A Large-Scale Dataset for Vehicle-Infrastructure Cooperative 3D Object Detection},
    author={Yu, Haibao and Luo, Yizhen and Shu, Mao and Huo, Yiyi and Yang, Zebang and Shi, Yifeng and Guo, Zhenglong and Li, Hanyu and Hu, Xing and Yuan, Jirui and Nie, Zaiqing},
    booktitle={IEEE/CVF Conf.~on Computer Vision and Pattern Recognition (CVPR)},
    month = jun,
    year={2022}
}

@inproceedings{rukhovich2022imvoxelnet,
  title={Imvoxelnet: Image to voxels projection for monocular and multi-view general-purpose 3d object detection},
  author={Rukhovich, Danila and Vorontsova, Anna and Konushin, Anton},
  booktitle={Proceedings of the IEEE/CVF Winter Conference on Applications of Computer Vision},
  pages={2397--2406},
  year={2022}
}

@inproceedings{hu2018SE,
  title={Squeeze-and-excitation networks},
  author={Hu, Jie and Shen, Li and Sun, Gang},
  booktitle={Proceedings of the IEEE conference on computer vision and pattern recognition},
  pages={7132--7141},
  year={2018}
}

@article{yan2018second,
  title={Second: Sparsely embedded convolutional detection},
  author={Yan, Yan and Mao, Yuxing and Li, Bo},
  journal={Sensors},
  volume={18},
  number={10},
  pages={3337},
  year={2018},
  publisher={MDPI}
}

@inproceedings{he2016resnet,
  title={Deep residual learning for image recognition},
  author={He, Kaiming and Zhang, Xiangyu and Ren, Shaoqing and Sun, Jian},
  booktitle={Proceedings of the IEEE conference on computer vision and pattern recognition},
  pages={770--778},
  year={2016}
}

@inproceedings{lang2019pointpillars,
  title={Pointpillars: Fast encoders for object detection from point clouds},
  author={Lang, Alex H and Vora, Sourabh and Caesar, Holger and Zhou, Lubing and Yang, Jiong and Beijbom, Oscar},
  booktitle={Proceedings of the IEEE/CVF conference on computer vision and pattern recognition},
  pages={12697--12705},
  year={2019}
}

@misc{mmdet3d2020,
    title={{MMDetection3D: OpenMMLab} next-generation platform for general {3D} object detection},
    author={MMDetection3D Contributors},
    howpublished = {\url{https://github.com/open-mmlab/mmdetection3d}},
    year={2020}
}


@article{mmdetection,
  title   = {{MMDetection}: Open MMLab Detection Toolbox and Benchmark},
  author  = {Chen, Kai and Wang, Jiaqi and Pang, Jiangmiao and Cao, Yuhang and
             Xiong, Yu and Li, Xiaoxiao and Sun, Shuyang and Feng, Wansen and
             Liu, Ziwei and Xu, Jiarui and Zhang, Zheng and Cheng, Dazhi and
             Zhu, Chenchen and Cheng, Tianheng and Zhao, Qijie and Li, Buyu and
             Lu, Xin and Zhu, Rui and Wu, Yue and Dai, Jifeng and Wang, Jingdong
             and Shi, Jianping and Ouyang, Wanli and Loy, Chen Change and Lin, Dahua},
  journal= {arXiv preprint arXiv:1906.07155},
  year={2019}
}

@article{zhu2019CGBS,
  title={Class-balanced grouping and sampling for point cloud 3d object detection},
  author={Zhu, Benjin and Jiang, Zhengkai and Zhou, Xiangxin and Li, Zeming and Yu, Gang},
  journal={arXiv preprint arXiv:1908.09492},
  year={2019}
}

@ARTICLE{Geiger2013KITTI,
  author = {Andreas Geiger and Philip Lenz and Christoph Stiller and Raquel Urtasun},
  title = {Vision meets Robotics: The KITTI Dataset},
  journal = {International Journal of Robotics Research (IJRR)},
  year = {2013}
}

@article{hu2022where2comm,
  title={Where2comm: Communication-efficient collaborative perception via spatial confidence maps},
  author={Hu, Yue and Fang, Shaoheng and Lei, Zixing and Zhong, Yiqi and Chen, Siheng},
  journal={arXiv preprint arXiv:2209.12836},
  year={2022}
}


@inproceedings{wang2020v2vnet,
  title={V2vnet: Vehicle-to-vehicle communication for joint perception and prediction},
  author={Wang, Tsun-Hsuan and Manivasagam, Sivabalan and Liang, Ming and Yang, Bin and Zeng, Wenyuan and Urtasun, Raquel},
  booktitle={Computer Vision--ECCV 2020: 16th European Conference, Glasgow, UK, August 23--28, 2020, Proceedings, Part II 16},
  pages={605--621},
  year={2020},
  organization={Springer}
}

@inproceedings{xu2022opv2v,
  title={Opv2v: An open benchmark dataset and fusion pipeline for perception with vehicle-to-vehicle communication},
  author={Xu, Runsheng and Xiang, Hao and Xia, Xin and Han, Xu and Li, Jinlong and Ma, Jiaqi},
  booktitle={2022 International Conference on Robotics and Automation (ICRA)},
  pages={2583--2589},
  year={2022},
  organization={IEEE}
}


@inproceedings{mehr2019disconet,
  title={DiscoNet: Shapes learning on disconnected manifolds for 3D editing},
  author={Mehr, Eloi and Jourdan, Ariane and Thome, Nicolas and Cord, Matthieu and Guitteny, Vincent},
  booktitle={Proceedings of the IEEE/CVF International Conference on Computer Vision},
  pages={3474--3483},
  year={2019}
}


@article{vaswani2017attention,
  title={Attention is all you need},
  author={Vaswani, Ashish and Shazeer, Noam and Parmar, Niki and Uszkoreit, Jakob and Jones, Llion and Gomez, Aidan N and Kaiser, {\L}ukasz and Polosukhin, Illia},
  journal={Advances in neural information processing systems},
  volume={30},
  year={2017}
}


@article{nuscenes2019,
  title={nuScenes: A multimodal dataset for autonomous driving},
  author={Holger Caesar and Varun Bankiti and Alex H. Lang and Sourabh Vora and 
          Venice Erin Liong and Qiang Xu and Anush Krishnan and Yu Pan and 
          Giancarlo Baldan and Oscar Beijbom},
  journal={arXiv preprint arXiv:1903.11027},
  year={2019}
}

@article{chen2022model-agnostic,
  title={Model-agnostic multi-agent perception framework},
  author={Chen, Weizhe and Xu, Runsheng and Xiang, Hao and Liu, Lantao and Ma, Jiaqi},
  journal={arXiv preprint arXiv:2203.13168},
  year={2022}
}

@article{chen2022co3,
  title={CO\^{} 3: Cooperative Unsupervised 3D Representation Learning for Autonomous Driving},
  author={Chen, Runjian and Mu, Yao and Xu, Runsen and Shao, Wenqi and Jiang, Chenhan and Xu, Hang and Li, Zhenguo and Luo, Ping},
  journal={arXiv preprint arXiv:2206.04028},
  year={2022}
}

@article{li2022v2xsim,
  title={V2X-Sim: Multi-agent collaborative perception dataset and benchmark for autonomous driving},
  author={Li, Yiming and Ma, Dekun and An, Ziyan and Wang, Zixun and Zhong, Yiqi and Chen, Siheng and Feng, Chen},
  journal={IEEE Robotics and Automation Letters},
  volume={7},
  number={4},
  pages={10914--10921},
  year={2022},
  publisher={IEEE}
}

@inproceedings{xu2022v2xvit,
  title={V2X-ViT: Vehicle-to-everything cooperative perception with vision transformer},
  author={Xu, Runsheng and Xiang, Hao and Tu, Zhengzhong and Xia, Xin and Yang, Ming-Hsuan and Ma, Jiaqi},
  booktitle={Computer Vision--ECCV 2022: 17th European Conference, Tel Aviv, Israel, October 23--27, 2022, Proceedings, Part XXXIX},
  pages={107--124},
  year={2022},
  organization={Springer}
}

@article{han2023collaborative,
  title={Collaborative Perception in Autonomous Driving: Methods, Datasets and Challenges},
  author={Han, Yushan and Zhang, Hui and Li, Huifang and Jin, Yi and Lang, Congyan and Li, Yidong},
  journal={arXiv preprint arXiv:2301.06262},
  year={2023}
}

@article{xu2022cobevt,
  title={CoBEVT: Cooperative bird's eye view semantic segmentation with sparse transformers},
  author={Xu, Runsheng and Tu, Zhengzhong and Xiang, Hao and Shao, Wei and Zhou, Bolei and Ma, Jiaqi},
  journal={arXiv preprint arXiv:2207.02202},
  year={2022}
}

@article{yu2023ffnet,
  title={Vehicle-infrastructure cooperative 3d object detection via feature flow prediction},
  author={Yu, Haibao and Tang, Yingjuan and Xie, Enze and Mao, Jilei and Yuan, Jirui and Luo, Ping and Nie, Zaiqing},
  journal={arXiv preprint arXiv:2303.10552},
  year={2023}
}

@inproceedings{hu2023coca3d,
  title={Collaboration Helps Camera Overtake LiDAR in 3D Detection},
  author={Hu, Yue and Lu, Yifan and Xu, Runsheng and Xie, Weidi and Chen, Siheng and Wang, Yanfeng},
  booktitle={Proceedings of the IEEE/CVF Conference on Computer Vision and Pattern Recognition},
  pages={9243--9252},
  year={2023}
}


@InProceedings{Liu2020when2com,
author = {Liu, Yen-Cheng and Tian, Junjiao and Glaser, Nathaniel and Kira, Zsolt},
title = {When2com: Multi-Agent Perception via Communication Graph Grouping},
booktitle = {Proceedings of the IEEE/CVF Conference on Computer Vision and Pattern Recognition (CVPR)},
month = {June},
year = {2020}
}

@InProceedings{Dai_2017_dcn,
author = {Dai, Jifeng and Qi, Haozhi and Xiong, Yuwen and Li, Yi and Zhang, Guodong and Hu, Han and Wei, Yichen},
title = {Deformable Convolutional Networks},
booktitle = {Proceedings of the IEEE International Conference on Computer Vision (ICCV)},
month = {Oct},
year = {2017}
}

@inproceedings{lin2017fpn,
  title={Feature pyramid networks for object detection},
  author={Lin, Tsung-Yi and Doll{\'a}r, Piotr and Girshick, Ross and He, Kaiming and Hariharan, Bharath and Belongie, Serge},
  booktitle={Proceedings of the IEEE conference on computer vision and pattern recognition},
  pages={2117--2125},
  year={2017}
}

@InProceedings{CorrectPE,
  title = 	 {Learning to Communicate and Correct Pose Errors},
  author =       {Vadivelu, Nicholas and Ren, Mengye and Tu, James and Wang, Jingkang and Urtasun, Raquel},
  booktitle = 	 {Proceedings of the 2020 Conference on Robot Learning},
  pages = 	 {1195--1210},
  year = 	 {2021},
  editor = 	 {Kober, Jens and Ramos, Fabio and Tomlin, Claire},
  volume = 	 {155},
  series = 	 {Proceedings of Machine Learning Research},
  month = 	 {16--18 Nov},
  publisher =    {PMLR},
}

@article{fan2023quest,
  title={Quest: Query stream for vehicle-infrastructure cooperative perception},
  author={Fan, Siqi and Yu, Haibao and Yang, Wenxian and Yuan, Jirui and Nie, Zaiqing},
  journal={arXiv preprint arXiv:2308.01804},
  year={2023}
}

@inproceedings{hu2023_uniad,
 title={Planning-oriented Autonomous Driving}, 
 author={Yihan Hu and Jiazhi Yang and Li Chen and Keyu Li and Chonghao Sima and Xizhou Zhu and Siqi Chai and Senyao Du and Tianwei Lin and Wenhai Wang and Lewei Lu and Xiaosong Jia and Qiang Liu and Jifeng Dai and Yu Qiao and Hongyang Li},
 booktitle={Proceedings of the IEEE/CVF Conference on Computer Vision and Pattern Recognition},
 year={2023},
}

@inproceedings{yu2024_univ2x,
 title={End-to-End Autonomous Driving through V2X Cooperation}, 
 author={Haibao Yu and Wenxian Yang and Jiaru Zhong and Zhenwei Yang and Siqi Fan and Ping Luo and Zaiqing Nie},
 booktitle={https://arxiv.org/abs/2404.00717},
 year={2024},
}

@article{zhu2020deformable,
  title={Deformable detr: Deformable transformers for end-to-end object detection},
  author={Zhu, Xizhou and Su, Weijie and Lu, Lewei and Li, Bin and Wang, Xiaogang and Dai, Jifeng},
  journal={arXiv preprint arXiv:2010.04159},
  year={2020}
}

@inproceedings{carion2020detr,
  title={End-to-end object detection with transformers},
  author={Carion, Nicolas and Massa, Francisco and Synnaeve, Gabriel and Usunier, Nicolas and Kirillov, Alexander and Zagoruyko, Sergey},
  booktitle={European conference on computer vision},
  pages={213--229},
  year={2020},
  organization={Springer}
}

@article{liu2023towardsv2x_survey,
  title={Towards vehicle-to-everything autonomous driving: A survey on collaborative perception},
  author={Liu, Si and Gao, Chen and Chen, Yuan and Peng, Xingyu and Kong, Xianghao and Wang, Kun and Xu, Runsheng and Jiang, Wentao and Xiang, Hao and Ma, Jiaqi and others},
  journal={arXiv preprint arXiv:2308.16714},
  year={2023}
}

@inproceedings{chen2019cooper,
  title={Cooper: Cooperative perception for connected autonomous vehicles based on 3d point clouds},
  author={Chen, Qi and Tang, Sihai and Yang, Qing and Fu, Song},
  booktitle={2019 IEEE 39th International Conference on Distributed Computing Systems (ICDCS)},
  pages={514--524},
  year={2019},
  organization={IEEE}
}

@inproceedings{dosovitskiy2017carla,
  title={CARLA: An open urban driving simulator},
  author={Dosovitskiy, Alexey and Ros, German and Codevilla, Felipe and Lopez, Antonio and Koltun, Vladlen},
  booktitle={Conference on robot learning},
  pages={1--16},
  year={2017},
  organization={PMLR}
}

@inproceedings{xu2021opencda,
 title={OpenCDA: an open cooperative driving automation framework integrated with co-simulation},
 author={Xu, Runsheng and Guo, Yi and Han, Xu and Xia, Xin and Xiang, Hao and Ma, Jiaqi},
 booktitle={2021 IEEE International Intelligent Transportation Systems Conference (ITSC)},
 pages={1155--1162},
 year={2021},
 organization={IEEE}
}

@article{loshchilov2017adamw,
  title={Decoupled weight decay regularization},
  author={Loshchilov, I},
  journal={arXiv preprint arXiv:1711.05101},
  year={2017}
}

@article{loshchilov2016coslrs,
  title={Sgdr: Stochastic gradient descent with warm restarts},
  author={Loshchilov, Ilya and Hutter, Frank},
  journal={arXiv preprint arXiv:1608.03983},
  year={2016}
}

@article{yang2024how2comm,
  title={How2comm: Communication-efficient and collaboration-pragmatic multi-agent perception},
  author={Yang, Dingkang and Yang, Kun and Wang, Yuzheng and Liu, Jing and Xu, Zhi and Yin, Rongbin and Zhai, Peng and Zhang, Lihua},
  journal={Advances in Neural Information Processing Systems},
  volume={36},
  year={2024}
}

@inproceedings{cui2022coopernaut,
  title={Coopernaut: End-to-end driving with cooperative perception for networked vehicles},
  author={Cui, Jiaxun and Qiu, Hang and Chen, Dian and Stone, Peter and Zhu, Yuke},
  booktitle={Proceedings of the IEEE/CVF Conference on Computer Vision and Pattern Recognition},
  pages={17252--17262},
  year={2022}
}

@article{wang2024emiff,
  title={Emiff: Enhanced multi-scale image feature fusion for vehicle-infrastructure cooperative 3d object detection},
  author={Wang, Zhe and Fan, Siqi and Huo, Xiaoliang and Xu, Tongda and Wang, Yan and Liu, Jingjing and Chen, Yilun and Zhang, Ya-Qin},
  journal={arXiv preprint arXiv:2402.15272},
  year={2024}
}

@inproceedings{wei2023cobevflow,
      title={Asynchrony-Robust Collaborative Perception via Bird's Eye View Flow}, 
      author={Sizhe Wei and Yuxi Wei and Yue Hu and Yifan Lu and Yiqi Zhong and Siheng Chen and Ya Zhang},
      booktitle = {Advances in Neural Information Processing Systems},
      year={2023}
}

@inproceedings{meinhardt2022trackformer,
  title={Trackformer: Multi-object tracking with transformers},
  author={Meinhardt, Tim and Kirillov, Alexander and Leal-Taixe, Laura and Feichtenhofer, Christoph},
  booktitle={Proceedings of the IEEE/CVF conference on computer vision and pattern recognition},
  pages={8844--8854},
  year={2022}
}

@inproceedings{zeng2022motr,
  title={Motr: End-to-end multiple-object tracking with transformer},
  author={Zeng, Fangao and Dong, Bin and Zhang, Yuang and Wang, Tiancai and Zhang, Xiangyu and Wei, Yichen},
  booktitle={European Conference on Computer Vision},
  pages={659--675},
  year={2022},
  organization={Springer}
}

@inproceedings{zhang2022mutr3d,
  title={Mutr3d: A multi-camera tracking framework via 3d-to-2d queries},
  author={Zhang, Tianyuan and Chen, Xuanyao and Wang, Yue and Wang, Yilun and Zhao, Hang},
  booktitle={Proceedings of the IEEE/CVF Conference on Computer Vision and Pattern Recognition},
  pages={4537--4546},
  year={2022}
}

@inproceedings{pang2023pf-track,
  title={Standing between past and future: Spatio-temporal modeling for multi-camera 3d multi-object tracking},
  author={Pang, Ziqi and Li, Jie and Tokmakov, Pavel and Chen, Dian and Zagoruyko, Sergey and Wang, Yu-Xiong},
  booktitle={Proceedings of the IEEE/CVF conference on computer vision and pattern recognition},
  pages={17928--17938},
  year={2023}
}

@inproceedings{chen2023transiff,
  title={Transiff: An instance-level feature fusion framework for vehicle-infrastructure cooperative 3d detection with transformers},
  author={Chen, Ziming and Shi, Yifeng and Jia, Jinrang},
  booktitle={Proceedings of the IEEE/CVF International Conference on Computer Vision},
  pages={18205--18214},
  year={2023}
}

@inproceedings{maiti2023transfusion,
  title={TransFusion: Multi-modal fusion network for semantic segmentation},
  author={Maiti, Abhisek and Elberink, Sander Oude and Vosselman, George},
  booktitle={Proceedings of the IEEE/CVF Conference on Computer Vision and Pattern Recognition},
  pages={6537--6547},
  year={2023}
}