@misc{bavaresco2024llms,
      title={{LLMs} instead of Human Judges? {A} Large Scale Empirical Study across 20 {NLP} Evaluation Tasks}, 
      author={Anna Bavaresco and Raffaella Bernardi and Leonardo Bertolazzi and Desmond Elliott and Raquel Fernández and Albert Gatt and Esam Ghaleb and Mario Giulianelli and Michael Hanna and Alexander Koller and André F. T. Martins and Philipp Mondorf and Vera Neplenbroek and Sandro Pezzelle and Barbara Plank and David Schlangen and Alessandro Suglia and Aditya K Surikuchi and Ece Takmaz and Alberto Testoni},
      year={2024},
      eprint={2406.18403},
      archivePrefix={arXiv},
      primaryClass={cs.CL},
      url={https://arxiv.org/abs/2406.18403}, 
}

@article{gilardi2023chatgpt,
  title={{ChatGPT} outperforms crowd workers for text-annotation tasks},
  author={Gilardi, Fabrizio and Alizadeh, Meysam and Kubli, Ma{\"e}l},
  journal={Proceedings of the National Academy of Sciences},
  volume={120},
  number={30},
  pages={e2305016120},
  year={2023},
  publisher={National Acad Sciences}
}

@inproceedings{hada2024large,
    title = "Are Large Language Model-based Evaluators the Solution to Scaling Up Multilingual Evaluation?",
    author = "Hada, Rishav  and
      Gumma, Varun  and
      Wynter, Adrian  and
      Diddee, Harshita  and
      Ahmed, Mohamed  and
      Choudhury, Monojit  and
      Bali, Kalika  and
      Sitaram, Sunayana",
    editor = "Graham, Yvette  and
      Purver, Matthew",
    booktitle = "Findings of the Association for Computational Linguistics: EACL 2024",
    month = mar,
    year = "2024",
    address = "St. Julian{'}s, Malta",
    publisher = "Association for Computational Linguistics",
    url = "https://aclanthology.org/2024.findings-eacl.71",
    pages = "1051--1070",
}

@inproceedings{huang-etal-2024-chatgpt,
    title = "{C}hat{GPT} Rates Natural Language Explanation Quality like Humans: But on Which Scales?",
    author = "Huang, Fan  and
      Kwak, Haewoon  and
      Park, Kunwoo  and
      An, Jisun",
    editor = "Calzolari, Nicoletta  and
      Kan, Min-Yen  and
      Hoste, Veronique  and
      Lenci, Alessandro  and
      Sakti, Sakriani  and
      Xue, Nianwen",
    booktitle = "Proceedings of the 2024 Joint International Conference on Computational Linguistics, Language Resources and Evaluation (LREC-COLING 2024)",
    month = may,
    year = "2024",
    address = "Torino, Italia",
    publisher = "ELRA and ICCL",
    url = "https://aclanthology.org/2024.lrec-main.277",
    pages = "3111--3132",
}

@article{jackson1958content,
  title={Content and style in personality assessment},
  author={Jackson, Douglas N. and Messick, Samuel},
  journal={Psychological Bulletin},
  volume={55},
  number={4},
  pages={243},
  year={1958},
  publisher={American Psychological Association}
}

@inproceedings{koo2024benchmarking,
    title = "Benchmarking Cognitive Biases in Large Language Models as Evaluators",
    author = "Koo, Ryan  and
      Lee, Minhwa  and
      Raheja, Vipul  and
      Park, Jong Inn  and
      Kim, Zae Myung  and
      Kang, Dongyeop",
    editor = "Ku, Lun-Wei  and
      Martins, Andre  and
      Srikumar, Vivek",
    booktitle = "Findings of the Association for Computational Linguistics ACL 2024",
    month = aug,
    year = "2024",
    address = "Bangkok, Thailand and virtual meeting",
    publisher = "Association for Computational Linguistics",
    url = "https://aclanthology.org/2024.findings-acl.29",
    doi = "10.18653/v1/2024.findings-acl.29",
    pages = "517--545",
}

@incollection{paulhus1991measurement,
title = {Measurement and Control of Response Bias},
editor = {John P. Robinson and Phillip R. Shaver and Lawrence S. Wrightsman},
booktitle = {Measures of Personality and Social Psychological Attitudes},
publisher = {Academic Press},
pages = {17-59},
year = {1991},
isbn = {978-0-12-590241-0},
doi = {https://doi.org/10.1016/B978-0-12-590241-0.50006-X},
url = {https://www.sciencedirect.com/science/article/pii/B978012590241050006X},
author = {Paulhus, Delroy L.}
}

@inproceedings{pavlovic2024effectiveness,
    title = "The Effectiveness of {LLM}

@inproceedings{reif2024beyond,
    title = "Beyond Performance: Quantifying and Mitigating Label Bias in {LLM}s",
    author = "Reif, Yuval  and
      Schwartz, Roy",
    editor = "Duh, Kevin  and
      Gomez, Helena  and
      Bethard, Steven",
    booktitle = "Proceedings of the 2024 Conference of the North American Chapter of the Association for Computational Linguistics: Human Language Technologies (Volume 1: Long Papers)",
    month = jun,
    year = "2024",
    address = "Mexico City, Mexico",
    publisher = "Association for Computational Linguistics",
    url = "https://aclanthology.org/2024.naacl-long.378",
    doi = "10.18653/v1/2024.naacl-long.378",
    pages = "6784--6798",
}

@article{schoonees2015constrained,
  title={Constrained dual scaling for detecting response styles in categorical data},
  author={Schoonees, Pieter C. and Van de Velden, Michel and Groenen, Patrick J. F.},
  journal={Psychometrika},
  volume={80},
  pages={968--994},
  year={2015},
  publisher={Springer},
  doi={10.1007/s11336-015-9458-9}
}

@article{tjuatja2024llms,
    author = {Tjuatja, Lindia and Chen, Valerie and Wu, Tongshuang and Talwalkwar, Ameet and Neubig, Graham},
    title = "{Do {LLMs} Exhibit Human-like Response Biases? {A} Case Study in Survey Design}",
    journal = {Transactions of the Association for Computational Linguistics},
    volume = {12},
    pages = {1011-1026},
    year = {2024},
    month = {09},
    issn = {2307-387X},
    doi = {10.1162/tacl_a_00685},
    url = {https://doi.org/10.1162/tacl\_a\_00685},
    eprint = {https://direct.mit.edu/tacl/article-pdf/doi/10.1162/tacl\_a\_00685/2468689/tacl\_a\_00685.pdf},
}

@misc{tornberg2023chatgpt,
      title={{ChatGPT-4} Outperforms Experts and Crowd Workers in Annotating Political {Twitter} Messages with Zero-Shot Learning}, 
      author={Petter T{\"o}rnberg},
      year={2023},
      eprint={2304.06588},
      archivePrefix={arXiv},
      primaryClass={cs.CL},
      url={https://arxiv.org/abs/2304.06588}, 
}

@article{van2010identifying,
  title={Identifying response styles: A latent-class bilinear multinomial logit model},
  author={Van Rosmalen, Joost and Van Herk, Hester and Groenen, Patrick J. F.},
  journal={Journal of Marketing Research},
  volume={47},
  number={1},
  pages={157--172},
  year={2010},
  publisher={SAGE Publications Sage CA: Los Angeles, CA},
  url={https://www.jstor.org/stable/20618962}
}

@misc{wang2023large,
  title={Large language models are not fair evaluators},
  author={Wang, Peiyi and Li, Lei and Chen, Liang and Cai, Zefan and Zhu, Dawei and Lin, Binghuai and Cao, Yunbo and Liu, Qi and Liu, Tianyu and Sui, Zhifang},
  archivePrefix={arXiv},
  year={2023},
  eprint={2305.17926},
  url={https://arxiv.org/abs/2305.17926}
}

@misc{wu2023style,
      title={Style over substance: Evaluation biases for large language models},
      author={Wu, Minghao and Aji, Alham Fikri},
      year={2023},
      eprint={2307.03025},
      archivePrefix={arXiv},
      url={https://arxiv.org/abs/2307.03025},
}

@inproceedings{zhao2021calibrate,
  title={Calibrate Before Use: Improving Few-shot Performance of Language Models},
  author={Zhao, Zihao and Wallace, Eric and Feng, Shi and Klein, Dan and Singh, Sameer},
  booktitle={Proceedings of the 38th International Conference on Machine Learning},
  pages={12697--12706},
  year={2021},
  editor={Meila, Marina and Zhang, Tong},
  month={18--24 Jul},
  publisher={PMLR},
  pdf={http://proceedings.mlr.press/v139/zhao21c/zhao21c.pdf},
  url={https://proceedings.mlr.press/v139/zhao21c.html},
}

@article{zheng2023judging,
  title={Judging {LLM-as-a-Judge} with {MT}-{B}ench and {C}hatbot {A}rena},
  author={Zheng, Lianmin and Chiang, Wei-Lin and Sheng, Ying and Zhuang, Siyuan and Wu, Zhanghao and Zhuang, Yonghao and Lin, Zi and Li, Zhuohan and Li, Dacheng and Xing, Eric and others},
  journal={Advances in Neural Information Processing Systems},
  volume={36},
  pages={46595--46623},
  year={2023}
}

@inproceedings{zheng2023large,
  title={Large language models are not robust multiple choice selectors},
  author={Zheng, Chujie and Zhou, Hao and Meng, Fandong and Zhou, Jie and Huang, Minlie},
  booktitle={The Twelfth International Conference on Learning Representations},
  year={2023}
}

