% Use this file for citations not found in the ACL Anthology (contained in "anthology.bib").
@article{gilardi2023chatgpt,
  title={{ChatGPT} outperforms crowd workers for text-annotation tasks},
  author={Gilardi, Fabrizio and Alizadeh, Meysam and Kubli, Ma{\"e}l},
  journal={Proceedings of the National Academy of Sciences},
  volume={120},
  number={30},
  pages={e2305016120},
  year={2023},
  publisher={National Acad Sciences}
}

@misc{wang2023large,
  title={Large language models are not fair evaluators},
  author={Wang, Peiyi and Li, Lei and Chen, Liang and Cai, Zefan and Zhu, Dawei and Lin, Binghuai and Cao, Yunbo and Liu, Qi and Liu, Tianyu and Sui, Zhifang},
  archivePrefix={arXiv},
  year={2023},
  eprint={2305.17926},
  url={https://arxiv.org/abs/2305.17926}
}

@article{zheng2023judging,
  title={Judging {LLM-as-a-Judge} with {MT}-{B}ench and {C}hatbot {A}rena},
  author={Zheng, Lianmin and Chiang, Wei-Lin and Sheng, Ying and Zhuang, Siyuan and Wu, Zhanghao and Zhuang, Yonghao and Lin, Zi and Li, Zhuohan and Li, Dacheng and Xing, Eric and others},
  journal={Advances in Neural Information Processing Systems},
  volume={36},
  pages={46595--46623},
  year={2023}
}

@misc{li2022using,
  title={Using interactive feedback to improve the accuracy and explainability of question answering systems post-deployment},
  author={Li, Zichao and Sharma, Prakhar and Lu, Xing Han and Cheung, Jackie CK and Reddy, Siva},
  eprint={2204.03025},
  archivePrefix={arXiv},
  year={2022},
  url={https://arxiv.org/abs/2204.03025}
}

@inproceedings{faggioli2023perspectives,
  title={Perspectives on large language models for relevance judgment},
  author={Faggioli, Guglielmo and Dietz, Laura and Clarke, Charles L.A. and Demartini, Gianluca and Hagen, Matthias and Hauff, Claudia and Kando, Noriko and Kanoulas, Evangelos and Potthast, Martin and Stein, Benno and Wachsmuth, Henning},
  booktitle={Proceedings of the 2023 ACM SIGIR International Conference on Theory of Information Retrieval},
  pages={39--50},
  year={2023}
}

@inproceedings{zhao2021calibrate,
  title={Calibrate Before Use: Improving Few-shot Performance of Language Models},
  author={Zhao, Zihao and Wallace, Eric and Feng, Shi and Klein, Dan and Singh, Sameer},
  booktitle={Proceedings of the 38th International Conference on Machine Learning},
  pages={12697--12706},
  year={2021},
  editor={Meila, Marina and Zhang, Tong},
  month={18--24 Jul},
  publisher={PMLR},
  pdf={http://proceedings.mlr.press/v139/zhao21c/zhao21c.pdf},
  url={https://proceedings.mlr.press/v139/zhao21c.html},
}

@inproceedings{zhou2024batch,
    title={Batch Calibration: Rethinking Calibration for In-Context Learning and Prompt Engineering},
    author={Han Zhou and Xingchen Wan and Lev Proleev and Diana Mincu and Jilin Chen and Katherine A Heller and Subhrajit Roy},
    booktitle={The Twelfth International Conference on Learning Representations},
    year={2024},
    url={https://openreview.net/forum?id=L3FHMoKZcS}
}

@article{likert1932technique,
  title={A technique for the measurement of attitudes},
  author={Likert, Rensis},
  journal={Archives of Psychology},
  year={1932}
}

@article{jackson1958content,
  title={Content and style in personality assessment},
  author={Jackson, Douglas N. and Messick, Samuel},
  journal={Psychological Bulletin},
  volume={55},
  number={4},
  pages={243},
  year={1958},
  publisher={American Psychological Association}
}

@incollection{paulhus1991measurement,
title = {Measurement and Control of Response Bias},
editor = {John P. Robinson and Phillip R. Shaver and Lawrence S. Wrightsman},
booktitle = {Measures of Personality and Social Psychological Attitudes},
publisher = {Academic Press},
pages = {17-59},
year = {1991},
isbn = {978-0-12-590241-0},
doi = {https://doi.org/10.1016/B978-0-12-590241-0.50006-X},
url = {https://www.sciencedirect.com/science/article/pii/B978012590241050006X},
author = {Paulhus, Delroy L.}
}


@article{van2010identifying,
  title={Identifying response styles: A latent-class bilinear multinomial logit model},
  author={Van Rosmalen, Joost and Van Herk, Hester and Groenen, Patrick J. F.},
  journal={Journal of Marketing Research},
  volume={47},
  number={1},
  pages={157--172},
  year={2010},
  publisher={SAGE Publications Sage CA: Los Angeles, CA},
  url={https://www.jstor.org/stable/20618962}
}

@article{schoonees2015constrained,
  title={Constrained dual scaling for detecting response styles in categorical data},
  author={Schoonees, Pieter C. and Van de Velden, Michel and Groenen, Patrick J. F.},
  journal={Psychometrika},
  volume={80},
  pages={968--994},
  year={2015},
  publisher={Springer},
  doi={10.1007/s11336-015-9458-9}
}

@inproceedings{naismith2023automated,
  title={Automated evaluation of written discourse coherence using {GPT-4}},
  author={Naismith, Ben and Mulcaire, Phoebe and Burstein, Jill},
  booktitle={Proceedings of the 18th Workshop on Innovative Use of NLP for Building Educational Applications (BEA 2023)},
  pages={394--403},
  year={2023}
}

@inproceedings{kocmi2023large,
    title = "Large Language Models Are State-of-the-Art Evaluators of Translation Quality",
    author = "Kocmi, Tom  and
      Federmann, Christian",
    editor = "Nurminen, Mary  and
      Brenner, Judith  and
      Koponen, Maarit  and
      Latomaa, Sirkku  and
      Mikhailov, Mikhail  and
      Schierl, Frederike  and
      Ranasinghe, Tharindu  and
      Vanmassenhove, Eva  and
      Vidal, Sergi Alvarez  and
      Aranberri, Nora  and
      Nunziatini, Mara  and
      Escart{\'\i}n, Carla Parra  and
      Forcada, Mikel  and
      Popovic, Maja  and
      Scarton, Carolina  and
      Moniz, Helena",
    booktitle = "Proceedings of the 24th Annual Conference of the European Association for Machine Translation",
    month = jun,
    year = "2023",
    address = "Tampere, Finland",
    publisher = "European Association for Machine Translation",
    url = "https://aclanthology.org/2023.eamt-1.19",
    pages = "193--203",
}

@misc{bavaresco2024llms,
      title={{LLMs} instead of Human Judges? {A} Large Scale Empirical Study across 20 {NLP} Evaluation Tasks}, 
      author={Anna Bavaresco and Raffaella Bernardi and Leonardo Bertolazzi and Desmond Elliott and Raquel Fernández and Albert Gatt and Esam Ghaleb and Mario Giulianelli and Michael Hanna and Alexander Koller and André F. T. Martins and Philipp Mondorf and Vera Neplenbroek and Sandro Pezzelle and Barbara Plank and David Schlangen and Alessandro Suglia and Aditya K Surikuchi and Ece Takmaz and Alberto Testoni},
      year={2024},
      eprint={2406.18403},
      archivePrefix={arXiv},
      primaryClass={cs.CL},
      url={https://arxiv.org/abs/2406.18403}, 
}

@article{hoerl1970ridge,
  title={Ridge regression: Biased estimation for nonorthogonal problems},
  author={Hoerl, Arthur E and Kennard, Robert W},
  journal={Technometrics},
  volume={12},
  number={1},
  pages={55--67},
  year={1970},
  publisher={Taylor \& Francis}
}

@misc{verga2024replacing,
      title={Replacing Judges with Juries: Evaluating {LLM} Generations with a Panel of Diverse Models},
      author={Verga, Pat and Hofstatter, Sebastian and Althammer, Sophia and Su, Yixuan and Piktus, Aleksandra and Arkhangorodsky, Arkady and Xu, Minjie and White, Naomi and Lewis, Patrick},
      year={2024},
      eprint={2404.18796},
      archivePrefix={arXiv},
      url={https://arxiv.org/abs/2404.18796},
}

@article{tjuatja2024llms,
    author = {Tjuatja, Lindia and Chen, Valerie and Wu, Tongshuang and Talwalkwar, Ameet and Neubig, Graham},
    title = "{Do {LLMs} Exhibit Human-like Response Biases? {A} Case Study in Survey Design}",
    journal = {Transactions of the Association for Computational Linguistics},
    volume = {12},
    pages = {1011-1026},
    year = {2024},
    month = {09},
    issn = {2307-387X},
    doi = {10.1162/tacl_a_00685},
    url = {https://doi.org/10.1162/tacl\_a\_00685},
    eprint = {https://direct.mit.edu/tacl/article-pdf/doi/10.1162/tacl\_a\_00685/2468689/tacl\_a\_00685.pdf},
}
@inproceedings{huang-etal-2024-chatgpt,
    title = "{C}hat{GPT} Rates Natural Language Explanation Quality like Humans: But on Which Scales?",
    author = "Huang, Fan  and
      Kwak, Haewoon  and
      Park, Kunwoo  and
      An, Jisun",
    editor = "Calzolari, Nicoletta  and
      Kan, Min-Yen  and
      Hoste, Veronique  and
      Lenci, Alessandro  and
      Sakti, Sakriani  and
      Xue, Nianwen",
    booktitle = "Proceedings of the 2024 Joint International Conference on Computational Linguistics, Language Resources and Evaluation (LREC-COLING 2024)",
    month = may,
    year = "2024",
    address = "Torino, Italia",
    publisher = "ELRA and ICCL",
    url = "https://aclanthology.org/2024.lrec-main.277",
    pages = "3111--3132",
}

@inproceedings{fei-etal-2023-mitigating,
    title = "Mitigating Label Biases for In-context Learning",
    author = "Fei, Yu  and
      Hou, Yifan  and
      Chen, Zeming  and
      Bosselut, Antoine",
    editor = "Rogers, Anna  and
      Boyd-Graber, Jordan  and
      Okazaki, Naoaki",
    booktitle = "Proceedings of the 61st Annual Meeting of the Association for Computational Linguistics (Volume 1: Long Papers)",
    month = jul,
    year = "2023",
    address = "Toronto, Canada",
    publisher = "Association for Computational Linguistics",
    url = "https://aclanthology.org/2023.acl-long.783",
    doi = "10.18653/v1/2023.acl-long.783",
    pages = "14014--14031",
}

@inproceedings{han2023prototypical,
title={Prototypical Calibration for Few-shot Learning of Language Models},
author={Zhixiong Han and Yaru Hao and Li Dong and Yutao Sun and Furu Wei},
booktitle={The Eleventh International Conference on Learning Representations},
year={2023},
url={https://openreview.net/forum?id=nUsP9lFADUF}
}

@misc{anthropic2024claude3,
    author={Anthropic},
    title={The {Claude} 3 Model Family: {Opus}, {Sonnet}, {Haiku}},
    howpublished={\url{https://anthropic.com/claude-3-model-card}},
    year={2024},
    note={Retrieved Oct~2024}
}

@misc{jiang2024mixtral,
  title={Mixtral of Experts},
  author={Albert Q. Jiang and Alexandre Sablayrolles and Antoine Roux and Arthur Mensch and Blanche Savary and Chris Bamford and Devendra Singh Chaplot and Diego de Las Casas and Emma Bou Hanna and Florian Bressand and Gianna Lengyel and Guillaume Bour and Guillaume Lample and L'elio Renard Lavaud and Lucile Saulnier and Marie-Anne Lachaux and Pierre Stock and Sandeep Subramanian and Sophia Yang and Szymon Antoniak and Teven Le Scao and Th{\'e}ophile Gervet and Thibaut Lavril and Thomas Wang and Timoth{\'e}e Lacroix and William El Sayed},
  archivePrefix={ArXiv},
  year={2024},
  eprint={2401.04088},
  url={https://arxiv.org/abs/2401.04088}
}

@misc{dubey2024llama,
  title={The {Llama} 3 Herd of Models},
  author={Dubey, Abhimanyu and Jauhri, Abhinav and Pandey, Abhinav and Kadian, Abhishek and Al-Dahle, Ahmad and Letman, Aiesha and Mathur, Akhil and Schelten, Alan and Yang, Amy and Fan, Angela and others},
  archivePrefix={ArXiv},
  year={2024},
  eprint={2407.21783},
  url={https://arxiv.org/abs/2407.21783}
}

@misc{brown2020language,
  title={Language Models are Few-Shot Learners},
  author={Tom B. Brown and Benjamin Mann and Nick Ryder and Melanie Subbiah and Jared Kaplan and Prafulla Dhariwal and Arvind Neelakantan and Pranav Shyam and Girish Sastry and Amanda Askell and Sandhini Agarwal and Ariel Herbert-Voss and Gretchen Krueger and Tom Henighan and Rewon Child and Aditya Ramesh and Daniel M. Ziegler and Jeff Wu and Clemens Winter and Christopher Hesse and Mark Chen and Eric Sigler and Ma-teusz Litwin and Scott Gray and Benjamin Chess and Jack Clark and Christopher Berner and Sam McCandlish and Alec Radford and Ilya Sutskever and Dario Amodei},
  archivePrefix={ArXiv},
  year={2020},
  eprint={2005.14165},
  url={https://arxiv.org/abs/2005.14165}
}

@inproceedings{koo2024benchmarking,
    title = "Benchmarking Cognitive Biases in Large Language Models as Evaluators",
    author = "Koo, Ryan  and
      Lee, Minhwa  and
      Raheja, Vipul  and
      Park, Jong Inn  and
      Kim, Zae Myung  and
      Kang, Dongyeop",
    editor = "Ku, Lun-Wei  and
      Martins, Andre  and
      Srikumar, Vivek",
    booktitle = "Findings of the Association for Computational Linguistics ACL 2024",
    month = aug,
    year = "2024",
    address = "Bangkok, Thailand and virtual meeting",
    publisher = "Association for Computational Linguistics",
    url = "https://aclanthology.org/2024.findings-acl.29",
    doi = "10.18653/v1/2024.findings-acl.29",
    pages = "517--545",
}

@inproceedings{chiang2023large,
    title = "Can Large Language Models Be an Alternative to Human Evaluations?",
    author = "Chiang, Cheng-Han  and
      Lee, Hung-yi",
    editor = "Rogers, Anna  and
      Boyd-Graber, Jordan  and
      Okazaki, Naoaki",
    booktitle = "Proceedings of the 61st Annual Meeting of the Association for Computational Linguistics (Volume 1: Long Papers)",
    month = jul,
    year = "2023",
    address = "Toronto, Canada",
    publisher = "Association for Computational Linguistics",
    url = "https://aclanthology.org/2023.acl-long.870",
    doi = "10.18653/v1/2023.acl-long.870",
    pages = "15607--15631",
}

@misc{wu2023style,
      title={Style over substance: Evaluation biases for large language models},
      author={Wu, Minghao and Aji, Alham Fikri},
      year={2023},
      eprint={2307.03025},
      archivePrefix={arXiv},
      url={https://arxiv.org/abs/2307.03025},
}

@inproceedings{zheng2023large,
  title={Large language models are not robust multiple choice selectors},
  author={Zheng, Chujie and Zhou, Hao and Meng, Fandong and Zhou, Jie and Huang, Minlie},
  booktitle={The Twelfth International Conference on Learning Representations},
  year={2023}
}

@inproceedings{dua2019drop,
    title = "{DROP}: A Reading Comprehension Benchmark Requiring Discrete Reasoning Over Paragraphs",
    author = "Dua, Dheeru  and
      Wang, Yizhong  and
      Dasigi, Pradeep  and
      Stanovsky, Gabriel  and
      Singh, Sameer  and
      Gardner, Matt",
    editor = "Burstein, Jill  and
      Doran, Christy  and
      Solorio, Thamar",
    booktitle = "Proceedings of the 2019 Conference of the North {A}merican Chapter of the Association for Computational Linguistics: Human Language Technologies, Volume 1 (Long and Short Papers)",
    month = jun,
    year = "2019",
    address = "Minneapolis, Minnesota",
    publisher = "Association for Computational Linguistics",
    url = "https://aclanthology.org/N19-1246",
    doi = "10.18653/v1/N19-1246",
    pages = "2368--2378",
}

@inproceedings{huang2019cosmos,
    title = "Cosmos {QA}: Machine Reading Comprehension with Contextual Commonsense Reasoning",
    author = "Huang, Lifu  and
      Le Bras, Ronan  and
      Bhagavatula, Chandra  and
      Choi, Yejin",
    editor = "Inui, Kentaro  and
      Jiang, Jing  and
      Ng, Vincent  and
      Wan, Xiaojun",
    booktitle = "Proceedings of the 2019 Conference on Empirical Methods in Natural Language Processing and the 9th International Joint Conference on Natural Language Processing (EMNLP-IJCNLP)",
    month = nov,
    year = "2019",
    address = "Hong Kong, China",
    publisher = "Association for Computational Linguistics",
    url = "https://aclanthology.org/D19-1243",
    doi = "10.18653/v1/D19-1243",
    pages = "2391--2401",
}

@misc{cobbe2021training,
      title={Training Verifiers to Solve Math Word Problems}, 
      author={Karl Cobbe and Vineet Kosaraju and Mohammad Bavarian and Mark Chen and Heewoo Jun and Lukasz Kaiser and Matthias Plappert and Jerry Tworek and Jacob Hilton and Reiichiro Nakano and Christopher Hesse and John Schulman},
      year={2021},
      eprint={2110.14168},
      archivePrefix={arXiv},
      primaryClass={cs.LG},
      url={https://arxiv.org/abs/2110.14168}, 
}

@inproceedings{camburu2018esnli,
 author = {Camburu, Oana-Maria and Rockt\"{a}schel, Tim and Lukasiewicz, Thomas and Blunsom, Phil},
 booktitle = {Advances in Neural Information Processing Systems},
 editor = {S. Bengio and H. Wallach and H. Larochelle and K. Grauman and N. Cesa-Bianchi and R. Garnett},
 pages = {},
 publisher = {Curran Associates, Inc.},
 title = {{e-SNLI}: Natural Language Inference with Natural Language Explanations},
 url = {https://proceedings.neurips.cc/paper_files/paper/2018/file/4c7a167bb329bd92580a99ce422d6fa6-Paper.pdf},
 volume = {31},
 year = {2018}
}

@inproceedings{abercrombie2022risk,
    title = "Risk-graded Safety for Handling Medical Queries in Conversational {AI}",
    author = "Abercrombie, Gavin  and
      Rieser, Verena",
    editor = "He, Yulan  and
      Ji, Heng  and
      Li, Sujian  and
      Liu, Yang  and
      Chang, Chua-Hui",
    booktitle = "Proceedings of the 2nd Conference of the Asia-Pacific Chapter of the Association for Computational Linguistics and the 12th International Joint Conference on Natural Language Processing (Volume 2: Short Papers)",
    month = nov,
    year = "2022",
    address = "Online only",
    publisher = "Association for Computational Linguistics",
    url = "https://aclanthology.org/2022.aacl-short.30",
    pages = "234--243",
}

@inproceedings{grusky2018newsroom,
    title = "{N}ewsroom: A Dataset of 1.3 Million Summaries with Diverse Extractive Strategies",
    author = "Grusky, Max  and
      Naaman, Mor  and
      Artzi, Yoav",
    editor = "Walker, Marilyn  and
      Ji, Heng  and
      Stent, Amanda",
    booktitle = "Proceedings of the 2018 Conference of the North {A}merican Chapter of the Association for Computational Linguistics: Human Language Technologies, Volume 1 (Long Papers)",
    month = jun,
    year = "2018",
    address = "New Orleans, Louisiana",
    publisher = "Association for Computational Linguistics",
    url = "https://aclanthology.org/N18-1065",
    doi = "10.18653/v1/N18-1065",
    pages = "708--719",
}

@inproceedings{golovneva2023roscoe,
title={{ROSCOE}: A Suite of Metrics for Scoring Step-by-Step Reasoning},
author={Olga Golovneva and Moya Peng Chen and Spencer Poff and Martin Corredor and Luke Zettlemoyer and Maryam Fazel-Zarandi and Asli Celikyilmaz},
booktitle={The Eleventh International Conference on Learning Representations },
year={2023},
url={https://openreview.net/forum?id=xYlJRpzZtsY}
}

@inproceedings{zeng2024evaluating,
title={Evaluating Large Language Models at Evaluating Instruction Following},
author={Zhiyuan Zeng and Jiatong Yu and Tianyu Gao and Yu Meng and Tanya Goyal and Danqi Chen},
booktitle={The Twelfth International Conference on Learning Representations},
year={2024},
url={https://openreview.net/forum?id=tr0KidwPLc}
}

@inproceedings{liu2023geval,
    title = "{G}-Eval: {NLG} Evaluation using {GPT}-4 with Better Human Alignment",
    author = "Liu, Yang  and
      Iter, Dan  and
      Xu, Yichong  and
      Wang, Shuohang  and
      Xu, Ruochen  and
      Zhu, Chenguang",
    editor = "Bouamor, Houda  and
      Pino, Juan  and
      Bali, Kalika",
    booktitle = "Proceedings of the 2023 Conference on Empirical Methods in Natural Language Processing",
    month = dec,
    year = "2023",
    address = "Singapore",
    publisher = "Association for Computational Linguistics",
    url = "https://aclanthology.org/2023.emnlp-main.153",
    doi = "10.18653/v1/2023.emnlp-main.153",
    pages = "2511--2522",
}

@article{freitag2021experts,
    author = {Freitag, Markus and Foster, George and Grangier, David and Ratnakar, Viresh and Tan, Qijun and Macherey, Wolfgang},
    title = "{Experts, Errors, and Context: A Large-Scale Study of Human Evaluation for Machine Translation}",
    journal = {Transactions of the Association for Computational Linguistics},
    volume = {9},
    pages = {1460-1474},
    year = {2021},
    month = {12},
    issn = {2307-387X},
    doi = {10.1162/tacl_a_00437},
    url = {https://doi.org/10.1162/tacl\_a\_00437},
    eprint = {https://direct.mit.edu/tacl/article-pdf/doi/10.1162/tacl\_a\_00437/1979261/tacl\_a\_00437.pdf},
}

@inproceedings{hada2024large,
    title = "Are Large Language Model-based Evaluators the Solution to Scaling Up Multilingual Evaluation?",
    author = "Hada, Rishav  and
      Gumma, Varun  and
      Wynter, Adrian  and
      Diddee, Harshita  and
      Ahmed, Mohamed  and
      Choudhury, Monojit  and
      Bali, Kalika  and
      Sitaram, Sunayana",
    editor = "Graham, Yvette  and
      Purver, Matthew",
    booktitle = "Findings of the Association for Computational Linguistics: EACL 2024",
    month = mar,
    year = "2024",
    address = "St. Julian{'}s, Malta",
    publisher = "Association for Computational Linguistics",
    url = "https://aclanthology.org/2024.findings-eacl.71",
    pages = "1051--1070",
}

@misc{tornberg2023chatgpt,
      title={{ChatGPT-4} Outperforms Experts and Crowd Workers in Annotating Political {Twitter} Messages with Zero-Shot Learning}, 
      author={Petter T{\"o}rnberg},
      year={2023},
      eprint={2304.06588},
      archivePrefix={arXiv},
      primaryClass={cs.CL},
      url={https://arxiv.org/abs/2304.06588}, 
}

@inproceedings{pavlovic2024effectiveness,
    title = "The Effectiveness of {LLM}s as Annotators: A Comparative Overview and Empirical Analysis of Direct Representation",
    author = "Pavlovic, Maja  and
      Poesio, Massimo",
    editor = "Abercrombie, Gavin  and
      Basile, Valerio  and
      Bernadi, Davide  and
      Dudy, Shiran  and
      Frenda, Simona  and
      Havens, Lucy  and
      Tonelli, Sara",
    booktitle = "Proceedings of the 3rd Workshop on Perspectivist Approaches to NLP (NLPerspectives) @ LREC-COLING 2024",
    month = may,
    year = "2024",
    address = "Torino, Italia",
    publisher = "ELRA and ICCL",
    url = "https://aclanthology.org/2024.nlperspectives-1.11",
    pages = "100--110",
}

@inproceedings{reif2024beyond,
    title = "Beyond Performance: Quantifying and Mitigating Label Bias in {LLM}s",
    author = "Reif, Yuval  and
      Schwartz, Roy",
    editor = "Duh, Kevin  and
      Gomez, Helena  and
      Bethard, Steven",
    booktitle = "Proceedings of the 2024 Conference of the North American Chapter of the Association for Computational Linguistics: Human Language Technologies (Volume 1: Long Papers)",
    month = jun,
    year = "2024",
    address = "Mexico City, Mexico",
    publisher = "Association for Computational Linguistics",
    url = "https://aclanthology.org/2024.naacl-long.378",
    doi = "10.18653/v1/2024.naacl-long.378",
    pages = "6784--6798",
}
