@inproceedings{10.1145/3292500.3330672,
author = {Su, Ya and Zhao, Youjian and Niu, Chenhao and Liu, Rong and Sun, Wei and Pei, Dan},
title = {Robust Anomaly Detection for Multivariate Time Series through Stochastic Recurrent Neural Network},
year = {2019},
isbn = {9781450362016},
publisher = {Association for Computing Machinery},
address = {New York, NY, USA},
url = {https://doi.org/10.1145/3292500.3330672},
doi = {10.1145/3292500.3330672},
booktitle = {Proceedings of the 25th ACM SIGKDD International Conference on Knowledge Discovery \& Data Mining},
pages = {2828–2837},
numpages = {10},
keywords = {stochastic model, recurrent neural network, multivariate time series, anomaly detection},
location = {Anchorage, AK, USA},
series = {KDD '19}
}

@inproceedings{10.1145/3394486.3403392,
author = {Audibert, Julien and Michiardi, Pietro and Guyard, Fr\'{e}d\'{e}ric and Marti, S\'{e}bastien and Zuluaga, Maria A.},
title = {USAD: UnSupervised Anomaly Detection on Multivariate Time Series},
year = {2020},
isbn = {9781450379984},
publisher = {Association for Computing Machinery},
address = {New York, NY, USA},
url = {https://doi.org/10.1145/3394486.3403392},
doi = {10.1145/3394486.3403392},
booktitle = {Proceedings of the 26th ACM SIGKDD International Conference on Knowledge Discovery \& Data Mining},
pages = {3395–3404},
numpages = {10},
keywords = {unsupervised learning, supervision, neural networks, multivariate time series, autoencoders, anomaly detection, adversarial network},
location = {Virtual Event, CA, USA},
series = {KDD '20}
}

@article{10.14778/3415478.3415514,
author = {Boniol, Paul and Palpanas, Themis and Meftah, Mohammed and Remy, Emmanuel},
title = {GraphAn: graph-based subsequence anomaly detection},
year = {2020},
issue_date = {August 2020},
publisher = {VLDB Endowment},
volume = {13},
number = {12},
issn = {2150-8097},
url = {https://doi.org/10.14778/3415478.3415514},
doi = {10.14778/3415478.3415514},
journal = {Proc. VLDB Endow.},
month = aug,
pages = {2941–2944},
numpages = {4},
keywords = {data series, outliers, subsequence anomalies, time series}
}

@article{10.14778/3467861.3467863,
author = {Boniol, Paul and Paparrizos, John and Palpanas, Themis and Franklin, Michael J.},
title = {SAND: streaming subsequence anomaly detection},
year = {2021},
issue_date = {June 2021},
publisher = {VLDB Endowment},
volume = {14},
number = {10},
issn = {2150-8097},
url = {https://doi.org/10.14778/3467861.3467863},
doi = {10.14778/3467861.3467863},
journal = {Proc. VLDB Endow.},
month = jun,
pages = {1717–1729},
numpages = {13}
}

@INPROCEEDINGS{5437603,
  author={Yaacob, Asrul H. and Tan, Ian K.T. and Chien, Su Fong and Tan, Hon Khi},
  booktitle={2010 Second International Conference on Communication Software and Networks}, 
  title={ARIMA Based Network Anomaly Detection}, 
  year={2010},
  volume={},
  number={},
  pages={205-209},
  keywords={Traffic control;Communication system traffic control;Telecommunication traffic;Intrusion detection;Alarm systems;Communication system software;Computer crime;Pattern matching;Multimedia systems;Physics;Intrusion Detection;Denial of Service;ARIMA;Forecasting;Network Security},
  doi={10.1109/ICCSN.2010.55}
}

@ARTICLE{9744555,
  author={Gao, Honghao and Qiu, Binyang and Barroso, Ramón J. Durán and Hussain, Walayat and Xu, Yueshen and Wang, Xinheng},
  journal={IEEE Transactions on Network Science and Engineering}, 
  title={TSMAE: A Novel Anomaly Detection Approach for Internet of Things Time Series Data Using Memory-Augmented Autoencoder}, 
  year={2023},
  volume={10},
  number={5},
  pages={2978-2990},
  keywords={Anomaly detection;Data models;Task analysis;Feature extraction;Internet of Things;Decoding;Complexity theory;Anomaly detection;time-series classification;memory augmentation;autoencoder},
  doi={10.1109/TNSE.2022.3163144}}

@article{Hundman2018DetectingSA,
  title={Detecting Spacecraft Anomalies Using LSTMs and Nonparametric Dynamic Thresholding},
  author={Kyle Hundman and Valentino Constantinou and Christopher Laporte and Ian Colwell and Tom S{\"o}derstr{\"o}m},
  journal={Proceedings of the 24th ACM SIGKDD International Conference on Knowledge Discovery \& Data Mining},
  year={2018},
  url={https://api.semanticscholar.org/CorpusID:3625298}
}

@article{SHI2023110725,
title = {Robust anomaly detection for multivariate time series through temporal GCNs and attention-based VAE},
journal = {Knowledge-Based Systems},
volume = {275},
pages = {110725},
year = {2023},
issn = {0950-7051},
doi = {https://doi.org/10.1016/j.knosys.2023.110725},
url = {https://www.sciencedirect.com/science/article/pii/S0950705123004756},
author = {Yunfei Shi and Bin Wang and Yanwei Yu and Xianfeng Tang and Chao Huang and Junyu Dong},
keywords = {Anomaly detection, Multivariate time series, Unsupervised learning, Graph neural networks, Variational auto-encoder},
}

@article{Salem2014AnomalyDI,
  title={Anomaly Detection in Medical Wireless Sensor Networks using SVM and Linear Regression Models},
  author={Osman Salem and Alexey Guerassimov and Ahmed Mehaoua and Anthony Marcus and Borko Furht},
  journal={Int. J. E Health Medical Commun.},
  year={2014},
  volume={5},
  pages={20-45},
  url={https://api.semanticscholar.org/CorpusID:1862492}
}

@article{Tuli2022TranADDT,
  title={TranAD: Deep Transformer Networks for Anomaly Detection in Multivariate Time Series Data},
  author={Shreshth Tuli and Giuliano Casale and Nicholas R. Jennings},
  journal={Proc. VLDB Endow.},
  year={2022},
  volume={15},
  pages={1201-1214},
  url={https://api.semanticscholar.org/CorpusID:246035402}
}

@inproceedings{Zong2018DeepAG,
  title={Deep Autoencoding Gaussian Mixture Model for Unsupervised Anomaly Detection},
  author={Bo Zong and Qi Song and Martin Renqiang Min and Wei Cheng and Cristian Lumezanu and Dae-ki Cho and Haifeng Chen},
  booktitle={International Conference on Learning Representations},
  year={2018},
  url={https://api.semanticscholar.org/CorpusID:51805340}
}

@inproceedings{bui2024tsrnet,
	title={TSRNET: Simple Framework for Real-Time ECG Anomaly Detection with Multimodal Time and Spectrogram Restoration Network},
	author={Bui, Nhat-Tan and Hoang, Dinh-Hieu and Phan, Thinh and Tran, Minh-Triet and Patel, Brijesh and Adjeroh, Donald and Le, Ngan},
	booktitle={2024 IEEE International Symposium on Biomedical Imaging (ISBI)},
	pages={1--4},
	year={2024},
	organization={IEEE}
}

@inproceedings{he2021masked,
	title={Masked autoencoders are scalable vision learners},
	author={He, Kaiming and Chen, Xinlei and Xie, Saining and Li, Yanghao and Doll{\'a}r, Piotr and Girshick, Ross},
	booktitle={Proceedings of the IEEE/CVF Conference on Computer Vision and Pattern Recognition},
	pages={16000--16009},
	year={2022}
}

@inbook{inbook,
author = {Zheng, Yaojia and Liu, Zhouwu and Mo, Rong and Chen, Ziyi and Zheng, Wei-shi and Wang, Ruixuan},
year = {2022},
month = {09},
pages = {193-203},
title = {Task-Oriented Self-supervised Learning for Anomaly Detection in Electroencephalography},
isbn = {978-3-031-16451-4},
doi = {10.1007/978-3-031-16452-1_19}
}

@inproceedings{jiang2023multi,
	title={Multi-scale cross-restoration framework for electrocardiogram anomaly detection},
	author={Jiang, Aofan and Huang, Chaoqin and Cao, Qing and Wu, Shuang and Zeng, Zi and Chen, Kang and Zhang, Ya and Wang, Yanfeng},
	booktitle={International Conference on Medical Image Computing and Computer-Assisted Intervention},
	pages={87--97},
	year={2023},
	organization={Springer}
}

@article{liu2022time,
	title={Time series anomaly detection with adversarial reconstruction networks},
	author={Liu, Shenghua and Zhou, Bin and Ding, Quan and Hooi, Bryan and Zhang, Zhengbo and Shen, Huawei and Cheng, Xueqi},
	journal={IEEE Transactions on Knowledge and Data Engineering},
	volume={35},
	number={4},
	pages={4293--4306},
	year={2022},
	publisher={IEEE}
}

@article{qin2023novel,
	title={A novel temporal generative adversarial network for electrocardiography anomaly detection},
	author={Qin, Jing and Gao, Fujie and Wang, Zumin and Wong, David C and Zhao, Zhibin and Relton, Samuel D and Fang, Hui},
	journal={Artificial Intelligence in Medicine},
	volume={136},
	pages={102489},
	year={2023},
	publisher={Elsevier}
}

@inproceedings{reiss2022anomaly,
	title={Anomaly detection requires better representations},
	author={Reiss, Tal and Cohen, Niv and Horwitz, Eliahu and Abutbul, Ron and Hoshen, Yedid},
	booktitle={European Conference on Computer Vision},
	pages={56--68},
	year={2022},
	organization={Springer}
}

@inproceedings{sawano2022masked,
	title={Masked Autoencoder-Based Self-Supervised Learning for Electrocardiograms to Detect Left Ventricular Systolic Dysfunction.},
	author={Sawano, Shinnosuke and Kodera, Satoshi and Takeuchi, Hirotoshi and Sukeda, Issei and Katsushika, Susumu and Komuro, Issei},
	booktitle={NeurIPS 2022 Workshop on Learning from Time Series for Health},
	year={2022}
}

@article{tuli2022tranad,
	title={TranAD: deep transformer networks for anomaly detection in multivariate time series data},
	author={Tuli, Shreshth and Casale, Giuliano and Jennings, Nicholas R},
	journal={Proceedings of the VLDB Endowment},
	volume={15},
	number={6},
	pages={1201--1214},
	year={2022},
	publisher={VLDB Endowment}
}

@article{vaswani2017attention,
	title={Attention is all you need},
	author={Vaswani, Ashish and Shazeer, Noam and Parmar, Niki and Uszkoreit, Jakob and Jones, Llion and Gomez, Aidan N and Kaiser, {\L}ukasz and Polosukhin, Illia},
	journal={Advances in Neural Information Processing Systems},
	volume={30},
	year={2017}
}

@article{wagner2020ptb,
	title={PTB-XL, a large publicly available electrocardiography dataset},
	author={Wagner, Patrick and Strodthoff, Nils and Bousseljot, Ralf-Dieter and Kreiseler, Dieter and Lunze, Fatima I and Samek, Wojciech and Schaeffter, Tobias},
	journal={Scientific Data},
	volume={7},
	number={1},
	pages={1--15},
	year={2020},
	publisher={Nature Publishing Group}
}

@inproceedings{wang2023ecggan,
	title={ECGGAN: A Framework for Effective and Interpretable Electrocardiogram Anomaly Detection},
	author={Wang, Huazhang and Luo, Zhaojing and Yip, James WL and Ye, Chuyang and Zhang, Meihui},
	booktitle={Proceedings of the 29th ACM SIGKDD Conference on Knowledge Discovery and Data Mining},
	pages={5071--5081},
	year={2023}
}

@inproceedings{wang2023unsupervised,
	title={Unsupervised Pre-Training Using Masked Autoencoders for ECG Analysis},
	author={Wang, Guoxin and Wang, Qingyuan and Iyer, Ganesh Neelakanta and Nag, Avishek and John, Deepu},
	booktitle={2023 IEEE Biomedical Circuits and Systems Conference (BioCAS)},
	pages={1--5},
	year={2023},
	organization={IEEE}
}

@inproceedings{xu2022anomaly,
	title={Anomaly Transformer: Time Series Anomaly Detection with Association Discrepancy},
	author={Jiehui Xu and Haixu Wu and Jianmin Wang and Mingsheng Long},
	booktitle={International Conference on Learning Representations},
	year={2022},
	url={https://openreview.net/forum?id=LzQQ89U1qm_}
}

@inproceedings{yang2022masked,
	title={Masked Autoencoder for ECG Representation Learning},
	author={Yang, Shunxiang and Lian, Cheng and Zeng, Zhigang},
	booktitle={2022 12th International Conference on Information Science and Technology (ICIST)},
	pages={95--98},
	year={2022},
	organization={IEEE}
}

@article{zamanzadeh2024deep,
	title={Deep learning for time series anomaly detection: A survey},
	author={Zamanzadeh Darban, Zahra and Webb, Geoffrey I and Pan, Shirui and Aggarwal, Charu and Salehi, Mahsa},
	journal={ACM Computing Surveys},
	volume={57},
	number={1},
	pages={1--42},
	year={2024},
	publisher={ACM New York, NY}
}

@article{zhang2022maefe,
	title={MaeFE: Masked Autoencoders Family of Electrocardiogram for Self-Supervised Pretraining and Transfer Learning},
	author={Zhang, Huaicheng and Liu, Wenhan and Shi, Jiguang and Chang, Sheng and Wang, Hao and He, Jin and Huang, Qijun},
	journal={IEEE Transactions on Instrumentation and Measurement},
	volume={72},
	pages={1--15},
	year={2022},
	publisher={IEEE}
}

@inproceedings{zhang2023survey,
	title={A Survey on Masked Autoencoder for Visual Self-supervised Learning.},
	author={Zhang, Chaoning and Zhang, Chenshuang and Song, Junha and Yi, John Seon Keun and Kweon, In So},
	booktitle={IJCAI},
	pages={6805--6813},
	year={2023}
}

@inproceedings{zheng2022task,
	title={Task-oriented self-supervised learning for anomaly detection in electroencephalography},
	author={Zheng, Yaojia and Liu, Zhouwu and Mo, Rong and Chen, Ziyi and Zheng, Wei-shi and Wang, Ruixuan},
	booktitle={International Conference on Medical Image Computing and Computer-Assisted Intervention},
	pages={193--203},
	year={2022},
	organization={Springer}
}

@article{zhou2023masked,
	title={Masked Transformer for Electrocardiogram Classification},
	author={Zhou, Ya and Diao, Xiaolin and Huo, Yanni and Liu, Yang and Fan, Xiaohan and Zhao, Wei},
	journal={arXiv preprint arXiv:2309.07136},
	year={2023}
}

