@article{rawte2023survey,
  title={A survey of hallucination in large foundation models},
  author={Rawte, Vipula and Sheth, Amit and Das, Amitava},
  journal={arXiv preprint arXiv:2309.05922},
  year={2023}
}

@misc{demo,
    title = {Demo {V}ideo.},
    url = {https://sites.psu.edu/binli/vrchatgpt/},
}

@misc{struoutput,
    author = {OpenAI},
    title = {Structured {O}utputs - {O}pen{AI} {API}},
    url = {https://platform.openai.com/docs/guides/structured-outputs},
}

@inproceedings{bevan2003magic,
  title={The" magic number 5" is it enough for web testing?},
  author={Bevan, Nigel and Barnum, Carol and Cockton, Gilbert and Nielsen, Jakob and Spool, Jared and Wixon, Dennis},
  booktitle={CHI'03 extended abstracts on Human factors in computing systems},
  pages={698--699},
  year={2003}
}

@article{su2023voice2action,
  title={Voice2Action: Language Models as Agent for Efficient Real-Time Interaction in Virtual Reality},
  author={Su, Yang},
  journal={arXiv preprint arXiv:2310.00092},
  year={2023}
}

@article{chuah2018and,
  title={Why and who will adopt extended reality technology? Literature review, synthesis, and future research agenda},
  author={Chuah, Stephanie Hui-Wen},
  journal={Literature Review, Synthesis, and Future Research Agenda (December 13, 2018)},
  year={2018}
}

@article{guo2024large,
  title={Large language model based multi-agents: A survey of progress and challenges},
  author={Guo, Taicheng and Chen, Xiuying and Wang, Yaqi and Chang, Ruidi and Pei, Shichao and Chawla, Nitesh V and Wiest, Olaf and Zhang, Xiangliang},
  journal={arXiv preprint arXiv:2402.01680},
  year={2024}
}

@article{li2024personal,
  title={Personal llm agents: Insights and survey about the capability, efficiency and security},
  author={Li, Yuanchun and Wen, Hao and Wang, Weijun and Li, Xiangyu and Yuan, Yizhen and Liu, Guohong and Liu, Jiacheng and Xu, Wenxing and Wang, Xiang and Sun, Yi and others},
  journal={arXiv preprint arXiv:2401.05459},
  year={2024}
}

@article{kambhampati2024llms,
  title={LLMs Can't Plan, But Can Help Planning in LLM-Modulo Frameworks},
  author={Kambhampati, Subbarao and Valmeekam, Karthik and Guan, Lin and Stechly, Kaya and Verma, Mudit and Bhambri, Siddhant and Saldyt, Lucas and Murthy, Anil},
  journal={arXiv preprint arXiv:2402.01817},
  year={2024}
}

@inproceedings{park2023generative,
  title={Generative agents: Interactive simulacra of human behavior},
  author={Park, Joon Sung and O'Brien, Joseph and Cai, Carrie Jun and Morris, Meredith Ringel and Liang, Percy and Bernstein, Michael S},
  booktitle={Proceedings of the 36th annual acm symposium on user interface software and technology},
  pages={1--22},
  year={2023}
}

@article{singh2021pre,
  title={Pre-trained language models as prior knowledge for playing text-based games},
  author={Singh, Ishika and Singh, Gargi and Modi, Ashutosh},
  journal={arXiv preprint arXiv:2107.08408},
  year={2021}
}

@article{abdelnabi2023llm,
  title={Llm-deliberation: Evaluating llms with interactive multi-agent negotiation games},
  author={Abdelnabi, Sahar and Gomaa, Amr and Sivaprasad, Sarath and Sch{\"o}nherr, Lea and Fritz, Mario},
  journal={arXiv preprint arXiv:2309.17234},
  year={2023}
}

@article{gong2023mindagent,
  title={Mindagent: Emergent gaming interaction},
  author={Gong, Ran and Huang, Qiuyuan and Ma, Xiaojian and Vo, Hoi and Durante, Zane and Noda, Yusuke and Zheng, Zilong and Zhu, Song-Chun and Terzopoulos, Demetri and Fei-Fei, Li and others},
  journal={arXiv preprint arXiv:2309.09971},
  year={2023}
}

@article{eigner2024determinants,
  title={Determinants of llm-assisted decision-making},
  author={Eigner, Eva and H{\"a}ndler, Thorsten},
  journal={arXiv preprint arXiv:2402.17385},
  year={2024}
}

@inproceedings{song2023llm,
  title={Llm-planner: Few-shot grounded planning for embodied agents with large language models},
  author={Song, Chan Hee and Wu, Jiaman and Washington, Clayton and Sadler, Brian M and Chao, Wei-Lun and Su, Yu},
  booktitle={Proceedings of the IEEE/CVF International Conference on Computer Vision},
  pages={2998--3009},
  year={2023}
}

@article{chen2024can,
  title={Can We Rely on LLM Agents to Draft Long-Horizon Plans? Let's Take TravelPlanner as an Example},
  author={Chen, Yanan and Pesaranghader, Ali and Sadhu, Tanmana and Yi, Dong Hoon},
  journal={arXiv preprint arXiv:2408.06318},
  year={2024}
}

@article{gundawar2024robust,
  title={Robust Planning with LLM-Modulo Framework: Case Study in Travel Planning},
  author={Gundawar, Atharva and Verma, Mudit and Guan, Lin and Valmeekam, Karthik and Bhambri, Siddhant and Kambhampati, Subbarao},
  journal={arXiv preprint arXiv:2405.20625},
  year={2024}
}

@article{kurai2024magicitem,
  title={MagicItem: Dynamic Behavior Design of Virtual Objects with Large Language Models in a Consumer Metaverse Platform},
  author={Kurai, Ryutaro and Hiraki, Takefumi and Hiroi, Yuichi and Hirao, Yutaro and Perusquia-Hernandez, Monica and Uchiyama, Hideaki and Kiyokawa, Kiyoshi},
  journal={arXiv preprint arXiv:2406.13242},
  year={2024}
}

@inproceedings{chen2024gpt,
  title={{GPT-VR Nexus}: ChatGPT-Powered Immersive Virtual Reality Experience},
  author={Chen, Jiangong and Lan, Tian and Li, Bin},
  booktitle={2024 IEEE Conference on Virtual Reality and 3D User Interfaces Abstracts and Workshops (VRW)},
  pages={01--02},
  year={2024},
  organization={IEEE}
}

@article{xi2023rise,
  title={The rise and potential of large language model based agents: A survey},
  author={Xi, Zhiheng and Chen, Wenxiang and Guo, Xin and He, Wei and Ding, Yiwen and Hong, Boyang and Zhang, Ming and Wang, Junzhe and Jin, Senjie and Zhou, Enyu and others},
  journal={arXiv preprint arXiv:2309.07864},
  year={2023}
}

@misc{OpenAI_2024,
  author = {OpenAI},
  title = {ChatGPT-4},
  howpublished = {\url{https://chat.openai.com/chat}},
  year = {2024},
  note = {Large language model}
}

@article{wahid2023written,
  title={Written by ChatGPT, illustrated by Midjourney: generative AI for content marketing},
  author={Wahid, Risqo and Mero, Joel and Ritala, Paavo},
  journal={Asia Pacific Journal of Marketing and Logistics},
  volume={35},
  number={8},
  pages={1813--1822},
  year={2023},
  publisher={Emerald Publishing Limited}
}

@misc{fui2023generative,
  title={Generative AI and ChatGPT: Applications, challenges, and AI-human collaboration},
  author={Fui-Hoon Nah, Fiona and Zheng, Ruilin and Cai, Jingyuan and Siau, Keng and Chen, Langtao},
  journal={Journal of Information Technology Case and Application Research},
  volume={25},
  number={3},
  pages={277--304},
  year={2023},
  publisher={Taylor \& Francis}
}

@inproceedings{bussell2023generative,
  title={Generative AI for immersive experiences: Integrating text-to-image models in VR-mediated co-design workflows},
  author={Bussell, Chris and Ehab, Ahmed and Hartle-Ryan, Daniel and Kapsalis, Timo},
  booktitle={International Conference on Human-Computer Interaction},
  pages={380--388},
  year={2023},
  organization={Springer}
}


@article{nguyen2023integrating,
  title={Integrating ChatGPT with Virtual Reality and Augmented Reality Technology in Teaching Biology at High Schools in Vietnam},
  author={Nguyen, Phuong and Cao, Linh and Trương, Hana},
  year={2023},
  publisher={EdArXiv}
}

@article{taylor2023rise,
  title={The Rise of the AI Scientist: Unleashing the Potential of Chat-GPT Powered Avatars in Virtual Reality Digital-twin Laboratories},
  author={Taylor, Mae and Muwaffak, Zaid and Penny, Matthew and Szulc, Blanka and Brown, Steven and Merritt, Andy and Hilton, Stephen},
  year={2023},
  journal={ChemRxiv}
}

@inproceedings{radford2023robust,
  title={Robust speech recognition via large-scale weak supervision},
  author={Radford, Alec and Kim, Jong Wook and Xu, Tao and Brockman, Greg and McLeavey, Christine and Sutskever, Ilya},
  booktitle={International Conference on Machine Learning},
  pages={28492--28518},
  year={2023},
  organization={PMLR}
}

@article{fang2024enabling,
  title={Enabling Waypoint Generation for Collaborative Robots using LLMs and Mixed Reality},
  author={Fang, Cathy Mengying and Zieli{\'n}ski, Krzysztof and Maes, Pattie and Paradiso, Joe and Blumberg, Bruce and Kj{\ae}rgaard, Mikkel Baun},
  journal={arXiv preprint arXiv:2403.09308},
  year={2024}
}

@inproceedings{giunchi2024dreamcodevr,
  title={DreamCodeVR: Towards Democratizing Behavior Design in Virtual Reality with Speech-Driven Programming},
  author={Giunchi, Daniele and Numan, Nels and Gatti, Elia and Steed, Anthony},
  booktitle={2024 IEEE Conference Virtual Reality and 3D User Interfaces (VR)},
  pages={579--589},
  year={2024},
  organization={IEEE}
}


@article{de2023llmr,
  title={Llmr: Real-time prompting of interactive worlds using large language models},
  author={De La Torre, Fernanda and Fang, Cathy Mengying and Huang, Han and Banburski-Fahey, Andrzej and Fernandez, Judith Amores and Lanier, Jaron},
  journal={arXiv preprint arXiv:2309.12276},
  year={2023}
}

@article{huang2023real,
  title={Real-time Animation Generation and Control on Rigged Models via Large Language Models},
  author={Huang, Han and De La Torre, Fernanda and Fang, Cathy Mengying and Banburski-Fahey, Andrzej and Amores, Judith and Lanier, Jaron},
  journal={arXiv preprint arXiv:2310.17838},
  year={2023}
}

@inproceedings{driess2023palm,
  title={PaLM-E: An Embodied Multimodal Language Model},
  author={Driess, Danny and Xia, Fei and Sajjadi, Mehdi SM and Lynch, Corey and Chowdhery, Aakanksha and Ichter, Brian and Wahid, Ayzaan and Tompson, Jonathan and Vuong, Quan and Yu, Tianhe and others},
  booktitle={International Conference on Machine Learning},
  pages={8469--8488},
  year={2023},
  organization={PMLR}
}

@inproceedings{raj2023dreambooth3d,
  title={Dreambooth3d: Subject-driven text-to-3d generation},
  author={Raj, Amit and Kaza, Srinivas and Poole, Ben and Niemeyer, Michael and Ruiz, Nataniel and Mildenhall, Ben and Zada, Shiran and Aberman, Kfir and Rubinstein, Michael and Barron, Jonathan and others},
  booktitle={Proceedings of the IEEE/CVF International Conference on Computer Vision},
  pages={2349--2359},
  year={2023}
}

@article{poole2022dreamfusion,
  title={Dreamfusion: Text-to-3d using 2d diffusion},
  author={Poole, Ben and Jain, Ajay and Barron, Jonathan T and Mildenhall, Ben},
  journal={arXiv preprint arXiv:2209.14988},
  year={2022}
}

@inproceedings{lin2023magic3d,
  title={Magic3d: High-resolution text-to-3d content creation},
  author={Lin, Chen-Hsuan and Gao, Jun and Tang, Luming and Takikawa, Towaki and Zeng, Xiaohui and Huang, Xun and Kreis, Karsten and Fidler, Sanja and Liu, Ming-Yu and Lin, Tsung-Yi},
  booktitle={Proceedings of the IEEE/CVF Conference on Computer Vision and Pattern Recognition},
  pages={300--309},
  year={2023}
}

@article{lewis1995ibm,
  title={IBM computer usability satisfaction questionnaires: psychometric evaluation and instructions for use},
  author={Lewis, James R},
  journal={International Journal of Human-Computer Interaction},
  volume={7},
  number={1},
  pages={57--78},
  year={1995},
  publisher={Taylor \& Francis}
}

@article{lund2001measuring,
  title={Measuring usability with the use questionnaire12},
  author={Lund, Arnold M},
  journal={Usability interface},
  volume={8},
  number={2},
  pages={3--6},
  year={2001}
}

@article{wang2023chat,
  title={Chat-3d: Data-efficiently tuning large language model for universal dialogue of 3d scenes},
  author={Wang, Zehan and Huang, Haifeng and Zhao, Yang and Zhang, Ziang and Zhao, Zhou},
  journal={arXiv preprint arXiv:2308.08769},
  year={2023}
}

@article{hong20233d,
  title={3d-llm: Injecting the 3d world into large language models},
  author={Hong, Yining and Zhen, Haoyu and Chen, Peihao and Zheng, Shuhong and Du, Yilun and Chen, Zhenfang and Gan, Chuang},
  journal={Advances in Neural Information Processing Systems},
  volume={36},
  pages={20482--20494},
  year={2023}
}