@article{AFM,
  title={Attentional Factorization Machines: Learning the Weight of Feature Interactions via Attention Networks},
  author={Jun Xiao and Hao Ye and Xiangnan He and Hanwang Zhang and Fei Wu and Tat-Seng Chua},
  journal={ArXiv},
  year={2017},
  volume={abs/1708.04617}
}

@article{Bahdanau,
  title={Neural Machine Translation by Jointly Learning to Align and Translate},
  author={Dzmitry Bahdanau and Kyunghyun Cho and Yoshua Bengio},
  journal={CoRR},
  year={2014},
  volume={abs/1409.0473}
}

@article{Cheng2019AdaptiveFN,
  title={Adaptive Factorization Network: Learning Adaptive-Order Feature Interactions},
  author={Weiyu Cheng and Yanyan Shen and Linpeng Huang},
  journal={ArXiv},
  year={2019},
  volume={abs/1909.03276}
}

@article{DeepFM,
  title={DeepFM: A Factorization-Machine based Neural Network for CTR Prediction},
  author={Huifeng Guo and Ruiming Tang and Yunming Ye and Zhenguo Li and Xiuqiang He},
  journal={ArXiv},
  year={2017},
  volume={abs/1703.04247}
}

@article{FFM,
  title={Field-aware Factorization Machines for CTR Prediction},
  author={Yu-Chin Juan and Yong Zhuang and Wei-Sheng Chin and Chih-Jen Lin},
  journal={Proceedings of the 10th ACM Conference on Recommender Systems},
  year={2016}
}

@article{FM,
  title={Factorization Machines},
  author={Steffen Rendle},
  journal={2010 IEEE International Conference on Data Mining},
  year={2010},
  pages={995-1000}
}

@article{FNN,
  title={EMD2FNN: A strategy combining empirical mode decomposition and factorization machine based neural network for stock market trend prediction},
  author={Feng Zhou and Haomin Zhou and Zhihua Yang and Lihua Yang},
  journal={Expert Syst. Appl.},
  year={2019},
  volume={115},
  pages={136-151}
}

@article{Feng2020CrossGCNEG,
  title={Cross-GCN: Enhancing Graph Convolutional Network with \$k\$k-Order Feature Interactions},
  author={Fuli Feng and Xiangnan He and Hanwang Zhang and Tat-Seng Chua},
  journal={IEEE Transactions on Knowledge and Data Engineering},
  year={2020},
  volume={35},
  pages={225-236}
}

@article{GraphFM,
  title={GraphFM: Graph Factorization Machines for Feature Interaction Modeling},
  author={Zekun Li and Shu Wu and Zeyu Cui and Xiaoyu Zhang},
  journal={ArXiv},
  year={2021},
  volume={abs/2105.11866}
}

@article{Hstat,
  title={PREDICTIVE LEARNING VIA RULE ENSEMBLES},
  author={Jerome H. Friedman and Bogdan E. Popescu},
  journal={The Annals of Applied Statistics},
  year={2008},
  volume={2},
  pages={916-954}
}

@article{Li2021GraphFMGF,
  title={GraphFM: Graph Factorization Machines for Feature Interaction Modeling},
  author={Zekun Li and Shu Wu and Zeyu Cui and Xiaoyu Zhang},
  journal={ArXiv},
  year={2021},
  volume={abs/2105.11866}
}

@article{NeuralMF,
  title={Neural Matrix Factorization Model Based On Latent Factor Learning},
  author={Ao Chang and Qingxian Wang and Xiao Zhang},
  journal={2023 3rd International Conference on Neural Networks, Information and Communication Engineering (NNICE)},
  year={2023},
  pages={52-56}
}

@article{Sarkar2022DualAH,
  title={Dual Attentional Higher Order Factorization Machines},
  author={Arindam Sarkar and Dipankar Das and Vivek Sembium and Prakash Mandayam Comar},
  journal={Proceedings of the 16th ACM Conference on Recommender Systems},
  year={2022}
}

@inproceedings{Table2Graph,
  title={Table2Graph: Transforming Tabular Data to Unified Weighted Graph},
  author={Kaixiong Zhou and Zirui Liu and Rui Chen and Li Li and Soo-Hyun Choi and Xia Hu},
  booktitle={International Joint Conference on Artificial Intelligence},
  year={2022}
}

@inproceedings{Wang2020AdnFMAA,
  title={AdnFM: An Attentive DenseNet based Factorization Machine for CTR Prediction},
  author={Kai Wang and Chun-Yen Shen and Wenye Ma},
  year={2020}
}

@article{Wen2020NeuralAM,
  title={Neural attention model for recommendation based on factorization machines},
  author={Peng Wen and Weihua Yuan and Qianqian Qin and Sheng Sang and Zhijun Zhang},
  journal={Applied Intelligence},
  year={2020},
  volume={51},
  pages={1829 - 1844}
}

@article{fignn,
  title={Fi-GNN: Modeling Feature Interactions via Graph Neural Networks for CTR Prediction},
  author={Zekun Li and Zeyu Cui and Shu Wu and Xiaoyu Zhang and Liang Wang},
  journal={Proceedings of the 28th ACM International Conference on Information and Knowledge Management},
  year={2019}
}

