@article{fignn,
  title={Fi-GNN: Modeling Feature Interactions via Graph Neural Networks for CTR Prediction},
  author={Zekun Li and Zeyu Cui and Shu Wu and Xiaoyu Zhang and Liang Wang},
  journal={Proceedings of the 28th ACM International Conference on Information and Knowledge Management},
  year={2019}
}

@article{Hstat,
  title={PREDICTIVE LEARNING VIA RULE ENSEMBLES},
  author={Jerome H. Friedman and Bogdan E. Popescu},
  journal={The Annals of Applied Statistics},
  year={2008},
  volume={2},
  pages={916-954}
}

@article{SelfAttentionGP,
  title={Self-Attention Graph Pooling},
  author={Junhyun Lee and Inyeop Lee and Jaewoo Kang},
  journal={ArXiv},
  year={2019},
  volume={abs/1904.08082}
}

@article{FM,
  title={Factorization Machines},
  author={Steffen Rendle},
  journal={2010 IEEE International Conference on Data Mining},
  year={2010},
  pages={995-1000}
}

@article{FFM,
  title={Field-aware Factorization Machines for CTR Prediction},
  author={Yu-Chin Juan and Yong Zhuang and Wei-Sheng Chin and Chih-Jen Lin},
  journal={Proceedings of the 10th ACM Conference on Recommender Systems},
  year={2016}
}

@article{AFM,
  title={Attentional Factorization Machines: Learning the Weight of Feature Interactions via Attention Networks},
  author={Jun Xiao and Hao Ye and Xiangnan He and Hanwang Zhang and Fei Wu and Tat-Seng Chua},
  journal={ArXiv},
  year={2017},
  volume={abs/1708.04617}
}

@article{FNN,
  title={EMD2FNN: A strategy combining empirical mode decomposition and factorization machine based neural network for stock market trend prediction},
  author={Feng Zhou and Haomin Zhou and Zhihua Yang and Lihua Yang},
  journal={Expert Syst. Appl.},
  year={2019},
  volume={115},
  pages={136-151}
}

@article{Bahdanau,
  title={Neural Machine Translation by Jointly Learning to Align and Translate},
  author={Dzmitry Bahdanau and Kyunghyun Cho and Yoshua Bengio},
  journal={CoRR},
  year={2014},
  volume={abs/1409.0473}
}

@article{DeepFM,
  title={DeepFM: A Factorization-Machine based Neural Network for CTR Prediction},
  author={Huifeng Guo and Ruiming Tang and Yunming Ye and Zhenguo Li and Xiuqiang He},
  journal={ArXiv},
  year={2017},
  volume={abs/1703.04247}
}

@article{Sarkar2022DualAH,
  title={Dual Attentional Higher Order Factorization Machines},
  author={Arindam Sarkar and Dipankar Das and Vivek Sembium and Prakash Mandayam Comar},
  journal={Proceedings of the 16th ACM Conference on Recommender Systems},
  year={2022}
}

@article{Cheng2019AdaptiveFN,
  title={Adaptive Factorization Network: Learning Adaptive-Order Feature Interactions},
  author={Weiyu Cheng and Yanyan Shen and Linpeng Huang},
  journal={ArXiv},
  year={2019},
  volume={abs/1909.03276}
}

@inproceedings{Wang2020AdnFMAA,
  title={AdnFM: An Attentive DenseNet based Factorization Machine for CTR Prediction},
  author={Kai Wang and Chun-Yen Shen and Wenye Ma},
  year={2020}
}

@article{Wen2020NeuralAM,
  title={Neural attention model for recommendation based on factorization machines},
  author={Peng Wen and Weihua Yuan and Qianqian Qin and Sheng Sang and Zhijun Zhang},
  journal={Applied Intelligence},
  year={2020},
  volume={51},
  pages={1829 - 1844}
}

@article{Li2021GraphFMGF,
  title={GraphFM: Graph Factorization Machines for Feature Interaction Modeling},
  author={Zekun Li and Shu Wu and Zeyu Cui and Xiaoyu Zhang},
  journal={ArXiv},
  year={2021},
  volume={abs/2105.11866}
}

@article{Feng2020CrossGCNEG,
  title={Cross-GCN: Enhancing Graph Convolutional Network with \$k\$k-Order Feature Interactions},
  author={Fuli Feng and Xiangnan He and Hanwang Zhang and Tat-Seng Chua},
  journal={IEEE Transactions on Knowledge and Data Engineering},
  year={2020},
  volume={35},
  pages={225-236}
}

@article{GraphFM,
  title={GraphFM: Graph Factorization Machines for Feature Interaction Modeling},
  author={Zekun Li and Shu Wu and Zeyu Cui and Xiaoyu Zhang},
  journal={ArXiv},
  year={2021},
  volume={abs/2105.11866}
}

@article{NeuralMF,
  title={Neural Matrix Factorization Model Based On Latent Factor Learning},
  author={Ao Chang and Qingxian Wang and Xiao Zhang},
  journal={2023 3rd International Conference on Neural Networks, Information and Communication Engineering (NNICE)},
  year={2023},
  pages={52-56}
}

@inproceedings{Table2Graph,
  title={Table2Graph: Transforming Tabular Data to Unified Weighted Graph},
  author={Kaixiong Zhou and Zirui Liu and Rui Chen and Li Li and Soo-Hyun Choi and Xia Hu},
  booktitle={International Joint Conference on Artificial Intelligence},
  year={2022}
}

@article{MDL,
  title={A Short Introduction to Model Selection, Kolmogorov Complexity and Minimum Description Length (MDL)},
  author={Volker Nannen},
  journal={ArXiv},
  year={2010},
  volume={abs/1005.2364}
}

@article{Kipf2016SemiSupervisedCW,
  title={Semi-Supervised Classification with Graph Convolutional Networks},
  author={Thomas Kipf and Max Welling},
  journal={ArXiv},
  year={2016},
  volume={abs/1609.02907}
}

@inproceedings{Rong2019DropEdgeTD,
  title={DropEdge: Towards Deep Graph Convolutional Networks on Node Classification},
  author={Yu Rong and Wenbing Huang and Tingyang Xu and Junzhou Huang},
  booktitle={International Conference on Learning Representations},
  year={2019}
}

@article{TransformerConv,
  title={Masked Label Prediction: Unified Massage Passing Model for Semi-Supervised Classification},
  author={Yunsheng Shi and Zhengjie Huang and Wenjin Wang and Hui Zhong and Shikun Feng and Yu Sun},
  journal={ArXiv},
  year={2020},
  volume={abs/2009.03509}
}

@misc{criteo2014,
  title        = {Criteo Display Advertising Challenge Dataset},
  author       = {Criteo Labs},
  year         = {2014},
  howpublished = {\url{https://www.kaggle.com/c/criteo-display-ad-challenge/data}}
}

@article{GDCN,
  title={Towards Deeper, Lighter and Interpretable Cross Network for CTR Prediction},
  author={Fangye Wang and Hansu Gu and Dongsheng Li and Tun Lu and Peng Zhang and Ning Gu},
  journal={Proceedings of the 32nd ACM International Conference on Information and Knowledge Management},
  year={2023}
}

@article{Rissanen1978ModelingBS,
  title={Modeling By Shortest Data Description*},
  author={Jorma Rissanen},
  journal={Autom.},
  year={1978},
  volume={14},
  pages={465-471}
}

@inproceedings{Grnwald2007TheMD,
  title={The Minimum Description Length Principle (Adaptive Computation and Machine Learning)},
  author={Peter D. Gr{\"u}nwald},
  year={2007}
}