@String { aaai        = {AAAI Conference on Artificial Intelligence (AAAI)} }
@String { aamas       = {International Conference on Autonomous Agents and Multiagent Systems (AAMAS)} }
@String { acc         = {American Control Conference (ACC)} }
@String { aiaa_gncc   = {AIAA Guidance, Navigation, and Control Conference} }
@String { aiaa_info   = {AIAA Infotech@Aerospace Conference} }
@String { aiaa_jacic  = {Journal of Aerospace Computing, Information, and Communication} }
@String { aistats     = {International Conference on Artificial Intelligence and Statistics (AISTATS)} }
@String { allerton    = {Allerton Conference on Communication, Control, and Compution} }
@String { atio        = {AIAA Aviation Technology, Integration, and Operations Conference (ATIO)} }
@String { atm         = {Air Traffic Management Research and Development Seminar}}
@String { bams        = {Bulletin of the American Mathematical Society} }
@String { cacm        = {Communications of the ACM} }
@String { cav         = {International Conference on Computer-Aided Verification (CAV)} }
@String { cdc         = {IEEE Conference on Decision and Control (CDC)} }
@String { colt        = {Conference on Learning Theory (COLT)} }
@String { corl        = {Conference on Robot Learning (CoRL)} }
@String { cvpr        = {IEEE Computer Society Conference on Computer Vision and Pattern Recognition (CVPR)} }
@String { dasc        = {Digital Avionics Systems Conference (DASC)} }
@String { dsmc        = {Journal of Dynamic Systems, Measurement and Control} }
@String { eccv        = {European Conference on Computer Vision (ECCV)} }
@String { ecml        = {European Conference on Machine Learning (ECML)} }
@String { fmcad       = {Formal Methods in Computer Aided Design (FMCAD)} }
@String { gnc         = {AIAA Guidance, Navigation, and Control Conference (GNC)} }
@String { icaart      = {International Conference on Agents and Artificial Intelligence (ICAART)} }
@String { icaps       = {International Conference on Automated Planning and Scheduling (ICAPS)} }
@String { icassp      = {International Conference on Acoustics, Speech, and Signal Processing (ICASSP)} }
@String { iccv        = {International Conference on Computer Vision (ICCV)} }
@String { iclr        = {International Conference on Learning Representations (ICLR)} }
@String { icml        = {International Conference on Machine Learning (ICML)} }
@String { icmla       = {International Conference on Machine Learning and Applications (ICMLA)} }
@String { icra        = {IEEE International Conference on Robotics and Automation (ICRA)} }
@String { icslp       = {International Conference on Spoken Language Processing (ICSLP)} }
@String { ieee_csm    = {IEEE Control Systems Magazine} }
@String { ieeeaero    = {IEEE Aerospace Conference} }
@String { ieeeciaig   = {IEEE Transactions on Computational Intelligence and AI in Games} }
@String { ieeecst     = {IEEE Transactions on Control Systems Technology} }
@String { ieeetitsm    = {IEEE Intelligent Transportation Systems Magazine} }
@String { ieeeral     = {IEEE Robotics and Automation Letters} }
@String { ieeetac     = {IEEE Transactions on Automatic Control} }
@String { ieeetits    = {IEEE Transactions on Intelligent Transportation Systems} }
@String { ieeetiv     = {IEEE Transactions on Intelligent Vehicles} }
@String { ieeetro     = {IEEE Transactions on Robotics} }
@String { ieeetsp     = {IEEE Transactions on Signal Processing} }
@String { ieeetvt     = {IEEE Transactions on Vehicular Technology} }
@String { ijcai       = {International Joint Conference on Artificial Intelligence (IJCAI)} }
@String { ijrr        = {International Journal of Robotics Research} }
@String { interspeech = {Annual Conference of the International Speech Communication Association (INTERSPEECH)} }
@String { iros        = {IEEE/RSJ International Conference on Intelligent Robots and Systems (IROS)} }
@String { isrr        = {International Symposium of Robotic Research (ISRR)} }
@String { isr         = {IEEE International Conference on Intelligence and Safety for Robotics (ISR)} }
@String { itsc        = {IEEE International Conference on Intelligent Transportation Systems (ITSC)} }
@String { iv          = {IEEE Intelligent Vehicles Symposium (IV)} }
@String { jaamas      = {Journal of Autonomous Agents and Multi-Agent Systems} }
@String { jair        = {Journal of Artificial Intelligence Research} }
@String { jais        = {Journal of Aerospace Information Systems} }
@String { jgcd        = {AIAA Journal of Guidance, Control, and Dynamics} }
@String { jmlr        = {Journal of Machine Learning Research} }
@String { jota        = {Journal of Optimization Theory and Applications} }
@String { lion        = {Learning and Intelligent Optimization (LION)} }
@String { mor         = {Mathematics of Operations Research} }
@String { neurips     = {Advances in Neural Information Processing Systems (NeurIPS)} }
@String { nfm         = {NASA Formal Methods Symposium (NFM)} }
@String { nips        = {Advances in Neural Information Processing Systems (NIPS)} }
@String { or          = {Operations Research} }
@String { rss         = {Robotics: Science and Systems} }
@String { sigcomm     = {ACM Special Interest Group on Data Communication (SIGCOMM)} }
@String { simpar      = {IEEE International Conference on Simulation, Modeling, and Programming for Autonomous Robots (SIMPAR)} }
@String { tac         = {IEEE Transactions on Automatic Control} }
@String { tacas       = {International Conference on Tools and Algorithms for the Construction and Analysis of Systems (TACAS)} }
@String { taes        = {IEEE Transactions on Aerospace and Electronic Systems} }
@String { toms        = {ACM Transactions on Mathematical Software} }
@String { uai         = {Conference on Uncertainty in Artificial Intelligence (UAI)} }
@String { wafr        = {International Workshop on the Algorithmic Foundations of Robotics (WAFR)} }


```bibtex
@misc{afshohteh2023sma,
    author       = {Afshohteh, Afshin},
    title        = {Shape memory alloys},
    year         = {2023},
    howpublished = {\url{https://www.linkedin.com/pulse/shape-memory-alloys-afshin-ashofteh-phd-mba-9szbf}},
    note         = {Accessed: 2024-04-19}
}

@misc{airforce2020f14,
    author       = {{Air Force Technology}},
    title        = {{F-14} {Tomcat}: System overview and capabilities},
    year         = {2020},
    month        = dec,
    howpublished = {\url{https://www.airforce-technology.com/projects/f14}},
    note         = {Accessed: 2024-04-19}
}

@misc{barr2005wing,
    author       = {Barr, Larine},
    title        = {Wing warping could change shape of future aircraft},
    year         = {2005},
    howpublished = {\url{https://www.af.mil/News/Article-Display/Article/134883/wing-warping-could-change-shape-of-future-aircraft}},
    note         = {Accessed: 2024-04-19},
    organization = {U.S. Air Force}
}

@misc{biolocomotion2011wright,
    author       = {{Biolocomotion Lab}},
    title        = {The {Wright} flyer's warping wings},
    year         = {2011},
    month        = oct,
    howpublished = {\url{https://blogs.bu.edu/biolocomotion/2011/10/18/the-wright-brothers-flyer}},
    note         = {Accessed: 2024-04-19},
    organization = {Boston University}
}

@misc{boeing2023cmo,
    author       = {{Boeing Commercial Airplanes}},
    title        = {Commercial market outlook 2023-2042},
    year         = {2023},
    howpublished = {\url{https://cmo.boeing.com}},
    note         = {Accessed: 2024-04-19}
}

@misc{boeing2015c40,
    author       = {{Boeing Defense}},
    title        = {{C-40A} military transport aircraft},
    year         = {2015},
    howpublished = {\url{https://www.boeing.com/defense/c-40a}},
    note         = {Accessed: 2024-04-19}
}

@misc{choi2017idea,
    author       = {Choi, Charles},
    title        = {The 100-year-old idea that could change flight},
    year         = {2017},
    month        = feb,
    howpublished = {\url{https://www.pbs.org/wgbh/nova/article/morphing-wings}},
    note         = {Accessed: 2024-04-19},
    organization = {PBS NOVA}
}

@misc{crouch2008oldies,
    author       = {Crouch, Tom D.},
    title        = {Where do ailerons come from?},
    year         = {2008},
    howpublished = {\url{https://www.smithsonianmag.com/air-space-magazine/oldies-and-oddities-where-do-ailerons-come-from-40077712}},
    note         = {Accessed: 2024-04-19},
    organization = {Smithsonian Magazine}
}

@inproceedings{dibley2005development,
    title        = {Development and testing of control laws for the active aeroelastic wing program},
    author       = {Dibley, Ryan P. and Allen, Michael J. and Clarke, Robert and Gera, Joseph and Hodgkinson, John},
    booktitle    = {AIAA Atmospheric Flight Mechanics Conference and Exhibit},
    pages        = {AIAA-2005-6314},
    year         = {2005},
    address      = {San Francisco, California}
}

@misc{flexsys2024flexfoil,
    author       = {{FlexSys Inc.}},
    title        = {{FlexFoil} compliant control surfaces},
    year         = {2024},
    howpublished = {\url{https://www.flxsys.com/flexfoil}},
    note         = {Accessed: 2024-04-19}
}

@inproceedings{friswell2012hierarchical,
    title     = {Hierarchical models of morphing aircraft},
    author    = {Friswell, Michael I.},
    booktitle = {23rd International Conference on Adaptive Structures and Technologies},
    series    = {ICAST 2012},
    year      = {2012}
}

@inproceedings{friswell2006morphing,
    title     = {Morphing concepts for {UAVs}},
    author    = {Friswell, Michael I. and Inman, Daniel J.},
    booktitle = {21st Bristol UAV Systems Conference},
    pages     = {13.1--13.8},
    year      = {2006},
    address   = {Bristol, UK}
}

@misc{frost2022global,
    author       = {{Frost \& Sullivan}},
    title        = {Global commercial aircraft engine growth opportunities},
    year         = {2022},
    howpublished = {\url{https://www.marketresearch.com/Frost-Sullivan-v383/Global-Commercial-Aircraft-Engine-Growth-31538714}},
    note         = {Accessed: 2024-04-19}
}

@misc{gonzalez2019bending,
    author       = {Gonzalez, Carlos M.},
    title        = {Bending for perfection: {NASA} reveals shape-shifting wing design},
    year         = {2019},
    month        = jul,
    howpublished = {\url{https://www.asme.org/topics-resources/content/bending-for-perfection-nasa-reveals-shape-shifting-wing-design}},
    note         = {Accessed: 2024-04-19},
    organization = {ASME}
}

@article{gorn2021high,
    title     = {High-speed and high-altitude flight: {The} first {X}-planes},
    author    = {Gorn, Michael H. and De Chiara, Giuseppe},
    journal   = {X-Planes from the X-1 to the X-60: An Illustrated History},
    pages     = {2--26},
    year      = {2021},
    publisher = {Springer}
}

@misc{investors2023boeing,
    author       = {{Boeing Investor Relations}},
    title        = {Boeing forecasts demand for 42,600 new commercial jets over next 20 years},
    year         = {2023},
    month        = jun,
    howpublished = {\url{https://investors.boeing.com/investors/news/press-release-details/2023/Boeing-Forecasts-Demand-for-42600-New-Commercial-Jets-Over-Next-20-Years/default.aspx}},
    note         = {Accessed: 2024-04-19}
}

@misc{kota2024future,
    author       = {Kota, Sridhar},
    title        = {Future airplanes will fly on twistable wings},
    year         = {2024},
    month        = mar,
    howpublished = {\url{https://spectrum.ieee.org/future-airplanes-will-fly-on-twistable-wings}},
    note         = {Accessed: 2024-04-19},
    organization = {IEEE Spectrum}
}

@inproceedings{kota2009mission,
    title        = {Mission adaptive compliant wing: Design, fabrication and flight test},
    author       = {Kota, Sridhar and Osborn, Russell and Ervin, Gregory and Maric, Dragan and Flick, Peter and Paul, Donald},
    booktitle    = {RTO Applied Vehicle Technology Panel Symposium},
    series       = {MP-AVT-168},
    pages        = {1--18},
    year         = {2009},
    address      = {Evora, Portugal}
}

@article{ling2019aerial,
    title     = {Aerial drones for blood delivery},
    author    = {Ling, Geoffrey and Draghic, Nicole},
    journal   = {Transfusion},
    volume    = {59},
    number    = {S2},
    pages     = {1608--1611},
    year      = {2019},
    publisher = {Wiley}
}

@techreport{merlin2020green,
    title       = {Green light for green flight: {NASA's} contributions to environmentally responsible aviation},
    author      = {Merlin, Peter W.},
    number      = {NASA/SP-2020-4610},
    year        = {2020},
    institution = {National Aeronautics and Space Administration}
}

@misc{milstein2007shape,
    author       = {Milstein, Michael},
    title        = {Shape shifters},
    year         = {2007},
    howpublished = {\url{https://www.smithsonianmag.com/air-space-magazine/shape-shifters-15512296}},
    note         = {Accessed: 2024-04-19},
    organization = {Air \& Space Magazine}
}

@misc{nasa2023aeroelastic,
    author       = {{NASA}},
    title        = {{F/A-18} active aeroelastic wing},
    year         = {2023},
    month        = sep,
    howpublished = {\url{https://www.nasa.gov/reference/active-aeroelastic-wing}},
    note         = {Accessed: 2024-04-19}
}

@misc{nasa2023warping,
    author       = {{NASA Glenn Research Center}},
    title        = {Wing warping interactive},
    year         = {2023},
    month        = jun,
    howpublished = {\url{https://www1.grc.nasa.gov/beginners-guide-to-aeronautics/wing-warping-interactive}},
    note         = {Accessed: 2024-04-19}
}

@misc{nasm2022researching,
    author       = {{National Air and Space Museum}},
    title        = {Researching the {Wright} way},
    year         = {2022},
    howpublished = {\url{https://airandspace.si.edu/explore/stories/researching-wright-way}},
    note         = {Accessed: 2024-04-19}
}

@misc{nnam_f14a,
    author       = {{National Naval Aviation Museum}},
    title        = {{F-14A Tomcat}},
    howpublished = {\url{https://www.history.navy.mil/content/history/museums/nnam/explore/collections/aircraft/f/f-14a-tomcat.html}},
    note         = {Accessed: 2024-04-19}
}

@article{ninian2017design,
    title     = {Design, development and testing of shape shifting wing model},
    author    = {Ninian, Dean and Dakka, Sam M.},
    journal   = {Aerospace},
    volume    = {4},
    number    = {4},
    pages     = {52},
    year      = {2017},
    publisher = {MDPI}
}

@misc{norris2016flexsys,
    author       = {Norris, Guy},
    title        = {{FlexSys} and {Aviation Partners} display morphing wing},
    year         = {2016},
    howpublished = {\url{https://aviationweek.com/aerospace/flexsys-aviation-partners-display-morphing-wing}},
    note         = {Accessed: 2024-04-19},
    organization = {Aviation Week}
}

@techreport{smith1992variable,
    title       = {Variable-camber systems integration and operational performance of the {AFTI/F-111} mission adaptive wing},
    author      = {Smith, John W.},
    number      = {NASA-TP-4370},
    year        = {1992},
    institution = {National Aeronautics and Space Administration},
    type        = {Technical Paper}
}

@article{woods2015adaptive,
    title     = {The adaptive aspect ratio morphing wing: Design concept and low fidelity skin optimization},
    author    = {Woods, Benjamin K. S. and Friswell, Michael I.},
    journal   = {Aerospace Science and Technology},
    volume    = {42},
    pages     = {209--217},
    year      = {2015},
    publisher = {Elsevier}
}