@article{canetti13refereed,
title = {Refereed delegation of computation},
journal = {Information and Computation},
volume = {226},
pages = {16-36},
year = {2013},
note = {Special Issue: Information Security as a Resource},
issn = {0890-5401},
doi = {https://doi.org/10.1016/j.ic.2013.03.003},
url = {https://www.sciencedirect.com/science/article/pii/S0890540113000217},
author = {Ran Canetti and Ben Riva and Guy N. Rothblum},
keywords = {Refereed Games, Verifiable Computation, Delegation of Computation},
}

@inproceedings{kalodner18arbitrum,
  title={Arbitrum: Scalable, private smart contracts},
  author={Harry A. Kalodner and Steven Goldfeder and Xiaoqi Chen and S. Matthew Weinberg and Edward W. Felten},
  booktitle={USENIX Security Symposium},
  year={2018},
  url={https://api.semanticscholar.org/CorpusID:52046120}
}

@misc{optimism,
  title={Rollup protocol overview},
  author={{Optimism}},
  year={2025},
  howpublished={\url{https://docs.optimism.io/stack/rollup/overview}},
  note={Accessed on January 29, 2025}
}

@misc{repdl_library,
  author       = {Microsoft},
  title        = {RepDL},
  year         = {2023},
  howpublished = {\url{https://github.com/microsoft/RepDL/tree/main}},
  note         = {Accessed: 2025-01-06}
}

@article{srivastava24optimistic,
  title={{Optimistic Verifiable Training by Controlling Hardware Nondeterminism}},
  author={Megha Srivastava and Simran Arora and Dan Boneh},
  journal={ArXiv},
  year={2024},
  volume={abs/2403.09603},
  url={https://api.semanticscholar.org/CorpusID:268385340}
}

@article{teutsch19scalable,
  author       = {Jason Teutsch and
                  Christian Reitwie{\ss}ner},
  title        = {A scalable verification solution for blockchains},
  journal      = {CoRR},
  volume       = {abs/1908.04756},
  year         = {2019},
  url          = {http://arxiv.org/abs/1908.04756},
  eprinttype    = {arXiv},
  eprint       = {1908.04756},
  timestamp    = {Mon, 19 Aug 2019 13:21:03 +0200},
  biburl       = {https://dblp.org/rec/journals/corr/abs-1908-04756.bib},
  bibsource    = {dblp computer science bibliography, https://dblp.org}
}

@article{zheng18agatha,
  author       = {Zihan Zheng and
                  Peichen Xie and
                  Xian Zhang and
                  Shuo Chen and
                  Yang Chen and
                  Xiaobing Guo and
                  Guangzhong Sun and
                  Guangyu Sun and
                  Lidong Zhou},
  title        = {Agatha: Smart Contract for {DNN} Computation},
  journal      = {CoRR},
  volume       = {abs/2105.04919},
  year         = {2021},
  url          = {https://arxiv.org/abs/2105.04919},
  eprinttype    = {arXiv},
  eprint       = {2105.04919},
  timestamp    = {Tue, 01 Mar 2022 15:23:13 +0100},
  biburl       = {https://dblp.org/rec/journals/corr/abs-2105-04919.bib},
  bibsource    = {dblp computer science bibliography, https://dblp.org}
}

