@article{zheng18agatha,
  author       = {Zihan Zheng and
                  Peichen Xie and
                  Xian Zhang and
                  Shuo Chen and
                  Yang Chen and
                  Xiaobing Guo and
                  Guangzhong Sun and
                  Guangyu Sun and
                  Lidong Zhou},
  title        = {Agatha: Smart Contract for {DNN} Computation},
  journal      = {CoRR},
  volume       = {abs/2105.04919},
  year         = {2021},
  url          = {https://arxiv.org/abs/2105.04919},
  eprinttype    = {arXiv},
  eprint       = {2105.04919},
  timestamp    = {Tue, 01 Mar 2022 15:23:13 +0100},
  biburl       = {https://dblp.org/rec/journals/corr/abs-2105-04919.bib},
  bibsource    = {dblp computer science bibliography, https://dblp.org}
}

@article{jia21proofoflearning,
  title={{Proof-of-Learning: Definitions and Practice}},
  author={Hengrui Jia and Mohammad Yaghini and Christopher A. Choquette-Choo and Natalie Dullerud and Anvith Thudi and Varun Chandrasekaran and Nicolas Papernot},
  journal={IEEE Symposium on Security and Privacy (S\&P)},
  year={2021},
  pages={1039-1056},
  url={https://api.semanticscholar.org/CorpusID:232168663}
}

@inproceedings{fang23proof,
  title = {{Proof-of-Learning is Currently More Broken Than You Think}},
  author = {Congyu Fang and Hengrui Jia and Anvith Thudi and Mohammad Yaghini and Christopher A. Choquette-Choo and Natalie Dullerud and Varun Chandrasekaran and Nicolas Papernot},
  year = {2023},
  doi = {10.1109/EuroSP57164.2023.00052},
  url = {https://doi.org/10.1109/EuroSP57164.2023.00052},
  researchr = {https://researchr.org/publication/FangJTYCDCP23},
  xcites = {0},
  xcitedby = {0},
  xpages = {797-816},
  booktitle = {8th IEEE European Symposium on Security and Privacy (EuroS\&P)},
  publisher = {IEEE},
  isbn = {978-1-6654-6512-0},
}

@inproceedings{choi24tools,
author = {Choi, Dami and Shavit, Yonadav and Duvenaud, David},
title = {Tools for verifying neural models' training data},
year = {2024},
xpublisher = {Curran Associates Inc.},
xaddress = {Red Hook, NY, USA},
booktitle = {37th International Conference on Neural Information Processing Systems},
articleno = {56},
numpages = {35},
location = {New Orleans, LA, USA},
series = {NeurIPS '23}
}

@misc{repdl_library,
  author       = {Microsoft},
  title        = {RepDL},
  year         = {2023},
  howpublished = {\url{https://github.com/microsoft/RepDL/tree/main}},
  note         = {Accessed: 2025-01-06}
}

@article{srivastava24optimistic,
  title={{Optimistic Verifiable Training by Controlling Hardware Nondeterminism}},
  author={Megha Srivastava and Simran Arora and Dan Boneh},
  journal={ArXiv},
  year={2024},
  volume={abs/2403.09603},
  url={https://api.semanticscholar.org/CorpusID:268385340}
}

@article{canetti13refereed,
title = {Refereed delegation of computation},
journal = {Information and Computation},
volume = {226},
pages = {16-36},
year = {2013},
note = {Special Issue: Information Security as a Resource},
issn = {0890-5401},
doi = {https://doi.org/10.1016/j.ic.2013.03.003},
url = {https://www.sciencedirect.com/science/article/pii/S0890540113000217},
author = {Ran Canetti and Ben Riva and Guy N. Rothblum},
keywords = {Refereed Games, Verifiable Computation, Delegation of Computation},
}


@inproceedings{sun24zkllm,
author = {Sun, Haochen and Li, Jason and Zhang, Hongyang},
title = {{zkLLM: Zero Knowledge Proofs for Large Language Models}},
year = {2024},
isbn = {9798400706363},
xpublisher = {Association for Computing Machinery},
xaddress = {New York, NY, USA},
url = {https://doi.org/10.1145/3658644.3670334},
doi = {10.1145/3658644.3670334},
booktitle = {ACM SIGSAC Conference on Computer and Communications Security},
pages = {4405–4419},
numpages = {15},
keywords = {large language models, zero-knowledge proofs},
xlocation = {Salt Lake City, UT, USA},
series = {CCS '24}
}


@inproceedings{abbaszadeh24zero,
author = {Abbaszadeh, Kasra and Pappas, Christodoulos and Katz, Jonathan and Papadopoulos, Dimitrios},
title = {{Zero-Knowledge Proofs of Training for Deep Neural Networks}},
year = {2024},
isbn = {9798400706363},
publisher = {Association for Computing Machinery},
address = {New York, NY, USA},
url = {https://doi.org/10.1145/3658644.3670316},
doi = {10.1145/3658644.3670316},
booktitle = {ACM SIGSAC Conference on Computer and Communications Security},
xpages = {4316–4330},
xnumpages = {15},
keywords = {deep neural networks, incrementally verifiable computation, machine learning, proof of training, zero-knowledge proofs},
xlocation = {Salt Lake City, UT, USA},
series = {CCS '24}
}

@article{teutsch19scalable,
  author       = {Jason Teutsch and
                  Christian Reitwie{\ss}ner},
  title        = {A scalable verification solution for blockchains},
  journal      = {CoRR},
  volume       = {abs/1908.04756},
  year         = {2019},
  url          = {http://arxiv.org/abs/1908.04756},
  eprinttype    = {arXiv},
  eprint       = {1908.04756},
  timestamp    = {Mon, 19 Aug 2019 13:21:03 +0200},
  biburl       = {https://dblp.org/rec/journals/corr/abs-1908-04756.bib},
  bibsource    = {dblp computer science bibliography, https://dblp.org}
}

@article{alvarez2024bold,
  title={{BoLD: Fast and Cheap Dispute Resolution}},
  author={Alvarez, Mario M and Arneson, Henry and Berger, Ben and Bousfield, Lee and Buckland, Chris and Edelman, Yafah and Felten, Edward W and Goldman, Daniel and Jordan, Raul and Kelkar, Mahimna},
  journal={arXiv preprint arXiv:2404.10491},
  year={2024}
}


@inproceedings{kalodner18arbitrum,
  title={Arbitrum: Scalable, private smart contracts},
  author={Harry A. Kalodner and Steven Goldfeder and Xiaoqi Chen and S. Matthew Weinberg and Edward W. Felten},
  booktitle={USENIX Security Symposium},
  year={2018},
  url={https://api.semanticscholar.org/CorpusID:52046120}
}


@misc{optimism,
  title={Rollup protocol overview},
  author={{Optimism}},
  year={2025},
  howpublished={\url{https://docs.optimism.io/stack/rollup/overview}},
  note={Accessed on January 29, 2025}
}

@misc{onnx2017,
  author       = {{ONNX}},
  title        = {ONNX: Open Neural Network Exchange},
  year         = {2017},
  url          = {https://onnx.ai},
  note         = {Accessed: 2025-01-30}
}

@article{kingma14adam,
  title={Adam: A Method for Stochastic Optimization},
  author={Kingma, Diederik P and Ba, Jimmy},
  journal={arXiv preprint arXiv:1412.6980},
  year={2014}
}

@article{chetlur14cuDNN,
  title={{cuDNN: Efficient Primitives for Deep Learning}},
  author={Sharan Chetlur and Cliff Woolley and Philippe Vandermersch and Jonathan M. Cohen and John Tran and Bryan Catanzaro and Evan Shelhamer},
  journal={ArXiv},
  year={2014},
  volume={abs/1410.0759},
  url={https://api.semanticscholar.org/CorpusID:12330432}
}
