
@inproceedings{he2016deep,
  title={Deep residual learning for image recognition},
  author={He, Kaiming and Zhang, Xiangyu and Ren, Shaoqing and Sun, Jian},
  booktitle={ Proc. IEEE Conf. Comput. Vis. Pattern Recognit.},
  pages={770--778},
  year={2016}
}

@inproceedings{amos2017optnet,
  title={{OptNet}: Differentiable optimization as a layer in neural networks},
  author={Amos, Brandon and Kolter, J Zico},
  booktitle={Proc. 34th Int. Conf. Mach. Learn.},
  pages={136--145},
  year={2017}
}

@article{she2021cable,
  title={Cable manipulation with a tactile-reactive gripper},
  author={She, Yu and Wang, Shaoxiong and Dong, Siyuan and Sunil, Neha and Rodriguez, Alberto and Adelson, Edward},
  journal={Int. J. Robot. Res.},
  volume={40},
  number={12-14},
  pages={1385--1401},
  year={2021},
  publisher={SAGE Publications Sage UK: London, England}
}

@inproceedings{hogan2020tactile,
  title={{Tactile Dexterity}: Manipulation primitives with tactile feedback},
  author={Hogan, Francois R and Ballester, Jose and Dong, Siyuan and Rodriguez, Alberto},
  booktitle={Proc. IEEE Int. Conf. Robot. Autom.},
  pages={8863--8869},
  year={2020}
}


@inproceedings{sunil2022visuotactile,
  title={Visuotactile Affordances for Cloth Manipulation with Local Control},
  author={Sunil, Neha and Wang, Shaoxiong and She, Yu and Adelson, Edward and Garcia, Alberto Rodriguez},
  booktitle={Proc. Conf. Robot Learn.},
  year={2022}
}

@inproceedings{oller2022manipulation,
  title={{Manipulation via Membranes}: High-Resolution and Highly Deformable Tactile Sensing and Control},
  author={Oller, Miquel and i Lisbona, Mireia Planas and Berenson, Dmitry and Fazeli, Nima},
  booktitle={Proc. Conf. Robot Learn.},
  year={2022}
}

@inproceedings{kim2021active,
  title={Active extrinsic contact sensing: Application to general peg-in-hole insertion},
  author={Kim, Sangwoon and Rodriguez, Alberto},
  booktitle={Proc. IEEE Int. Conf. Robot. Autom.},
  pages={10241--10247},
  year={2022}
}



@inproceedings{tian2019manipulation,
  title={{Manipulation by Feel}: Touch-based control with deep predictive models},
  author={Tian, Stephen and Ebert, Frederik and Jayaraman, Dinesh and Mudigonda, Mayur and Finn, Chelsea and Calandra, Roberto and Levine, Sergey},
  booktitle={Proc. IEEE Int. Conf. Robot. Autom.},
  pages={818--824},
  year={2019}
}


@inproceedings{calandra2017feeling,
  title={{The Feeling of Success}: Does Touch Sensing Help Predict Grasp Outcomes?},
  author={Calandra, Roberto and Owens, Andrew and Upadhyaya, Manu and Yuan, Wenzhen and Lin, Justin and Adelson, Edward H and Levine, Sergey},
  booktitle={Proc. Conf. Robot Learn.},
  pages={314--323},
  year={2017}
}


@inproceedings{si2022grasp,
  title={Grasp Stability Prediction with Sim-to-Real Transfer from Tactile Sensing},
  author={Si, Zilin and Zhu, Zirui and Agarwal, Arpit and Anderson, Stuart and Yuan, Wenzhen},
  booktitle={Proc. IEEE/RSJ Int. Conf. Intell. Robots Syst.},
  pages={7809--7816},
  year={2022}
}
@inproceedings{kanitkar2022poseit,
  title={{PoseIt}: A Visual-Tactile Dataset of Holding Poses for Grasp Stability Analysis},
  author={Kanitkar, Shubham and Jiang, Helen and Yuan, Wenzhen},
  booktitle={Proc. IEEE/RSJ Int. Conf. Intell. Robots Syst.},
  pages={71--78},
  year={2022}
}


@article{calandra2018more,
  title={{More Than a Feeling}: Learning to grasp and regrasp using vision and touch},
  author={Calandra, Roberto and Owens, Andrew and Jayaraman, Dinesh and Lin, Justin and Yuan, Wenzhen and Malik, Jitendra and Adelson, Edward H and Levine, Sergey},
  journal=IEEE_J_RAL,
  volume={3},
  number={4},
  pages={3300--3307},
  year={2018},
  publisher={IEEE}
}

@inproceedings{hogan2018tactile,
  title={{Tactile Regrasp}: Grasp adjustments via simulated tactile transformations},
  author={Hogan, Francois R and Bauza, Maria and Canal, Oleguer and Donlon, Elliott and Rodriguez, Alberto},
  booktitle={Proc. IEEE/RSJ Int. Conf. Intell. Robots Syst.},
  pages={2963--2970},
  year={2018}
}

@article{han2021learning,
  title={Learning Generalizable Vision-Tactile Robotic Grasping Strategy for Deformable Objects via Transformer},
  author={Han, Yunhai and Batra, Rahul and Boyd, Nathan and Zhao, Tuo and She, Yu and Hutchinson, Seth and Zhao, Ye},
  journal={arXiv preprint arXiv:2112.06374},
  year={2021}
}

@article{yan2022robotic,
  title={A Robotic Grasping State Perception Framework with Multi-Phase Tactile Information and Ensemble Learning},
  author={Yan, Gang and Schmitz, Alexander and Funabashi, Satoshi and Somlor, Sophon and Tomo, Tito Pradhono and Sugano, Shigeki},
  journal=IEEE_J_RAL,
  year={2022},
  publisher={IEEE}
}

@inproceedings{kolamuri2021improving,
  title={Improving Grasp Stability with Rotation Measurement from Tactile Sensing},
  author={Kolamuri, Raj and Si, Zilin and Zhang, Yufan and Agarwal, Arpit and Yuan, Wenzhen},
  booktitle={Proc. IEEE/RSJ Int. Conf. Intell. Robots Syst.},
  pages={6809--6816},
  year={2021}
}

@inproceedings{feng2020center,
  title={Center-of-mass-based robust grasp planning for unknown objects using tactile-visual sensors},
  author={Feng, Qian and Chen, Zhaopeng and Deng, Jun and Gao, Chunhui and Zhang, Jianwei and Knoll, Alois},
  booktitle={Proc. IEEE Int. Conf. Robot. Autom.},
  pages={610--617},
  year={2020}
}

@inproceedings{wang2020swingbot,
  title={Swing{B}ot: Learning physical features from in-hand tactile exploration for dynamic swing-up manipulation},
  author={Wang, Chen and Wang, Shaoxiong and Romero, Branden and Veiga, Filipe and Adelson, Edward},
  booktitle={Proc. IEEE/RSJ Int. Conf. Intell. Robots Syst.},
  pages={5633--5640},
  year={2020}
}

@article{bi2021zero,
  title={Zero-shot sim-to-real transfer of tactile control policies for aggressive swing-up manipulation},
  author={Bi, Thomas and Sferrazza, Carmelo and Dâ€™Andrea, Raffaello},
  journal=IEEE_J_RAL,
  volume={6},
  number={3},
  pages={5761--5768},
  year={2021},
  publisher={IEEE}
}

@inproceedings{chi2022iterative,
  title={{Iterative Residual Policy}: for Goal-Conditioned Dynamic Manipulation of Deformable Objects},
  author={Chi, Cheng and Burchfiel, Benjamin and Cousineau, Eric and Feng, Siyuan and Song, Shuran},
  booktitle={in Proc. of Robot.: Sci. and Syst},
  year={2022}
}

@article{zeng2020tossingbot,
  title={Tossing{B}ot: Learning to throw arbitrary objects with residual physics},
  author={Zeng, Andy and Song, Shuran and Lee, Johnny and Rodriguez, Alberto and Funkhouser, Thomas},
  journal=IEEE_J_RO,
  volume={36},
  number={4},
  pages={1307--1319},
  year={2020},
  publisher={IEEE}
}

@article{mitrano2021learning,
  title={Learning where to trust unreliable models in an unstructured world for deformable object manipulation},
  author={Mitrano, Peter and McConachie, Dale and Berenson, Dmitry},
  journal={Science Robotics},
  volume={6},
  number={54},
  pages={eabd8170},
  year={2021},
  publisher={American Association for the Advancement of Science}
}

@inproceedings{driess2022learning,
  title={Learning multi-object dynamics with compositional neural radiance fields},
  author={Driess, Danny and Huang, Zhiao and Li, Yunzhu and Tedrake, Russ and Toussaint, Marc},
  booktitle={Proc. Conf. Robot Learn.},
  pages={1755--1768},
  year={2022}
}


@inproceedings{li20223d,
  title={{3D} neural scene representations for visuomotor control},
  author={Li, Yunzhu and Li, Shuang and Sitzmann, Vincent and Agrawal, Pulkit and Torralba, Antonio},
  booktitle={Proc. Conf. Robot Learn.},
  pages={112--123},
  year={2022}
}

@article{yuan2017gelsight,
  title={{GelSight}: High-resolution robot tactile sensors for estimating geometry and force},
  author={Yuan, Wenzhen and Dong, Siyuan and Adelson, Edward H},
  journal={Sensors},
  volume={17},
  number={12},
  pages={2762},
  year={2017},
  publisher={MDPI}
}


@inproceedings{dong2019maintaining,
  title={Maintaining grasps within slipping bounds by monitoring incipient slip},
  author={Dong, Siyuan and Ma, Daolin and Donlon, Elliott and Rodriguez, Alberto},
  booktitle={Proc. IEEE Int. Conf. Robot. Autom.},
  pages={3818--3824},
  year={2019}
}

@inproceedings{ma2019dense,
  title={Dense tactile force estimation using GelSlim and inverse FEM},
  author={Ma, Daolin and Donlon, Elliott and Dong, Siyuan and Rodriguez, Alberto},
  booktitle={Proc. IEEE Int. Conf. Robot. Autom.},
  pages={5418--5424},
  year={2019}
}

@book{boyd2004convex,
  title={Convex optimization},
  author={Boyd, Stephen and Boyd, Stephen P and Vandenberghe, Lieven},
  year={2004},
  publisher={Cambridge university press}
}

@article{james2020slip,
  title={Slip detection for grasp stabilization with a multifingered tactile robot hand},
  author={James, Jasper Wollaston and Lepora, Nathan F},
  journal=IEEE_J_RO,
  volume={37},
  number={2},
  pages={506--519},
  year={2020},
  publisher={IEEE}
}

@article{lloyd2021goal,
  title={Goal-driven robotic pushing using tactile and proprioceptive feedback},
  author={Lloyd, John and Lepora, Nathan F},
  journal=IEEE_J_RO,
  volume={38},
  number={2},
  pages={1201--1212},
  year={2021},
  publisher={IEEE}
}

@article{yu2022global,
  title={Global model learning for large deformation control of elastic deformable linear objects: An efficient and adaptive approach},
  author={Yu, Mingrui and Lv, Kangchen and Zhong, Hanzhong and Song, Shiji and Li, Xiang},
  journal=IEEE_J_RO,
  year={2022},
  publisher={IEEE}
}

@article{zheng2022autonomous,
  title={Autonomous learning of page flipping movements via tactile feedback},
  author={Zheng, Yi and Veiga, Filipe Fernandes and Peters, Jan and Santos, Veronica J},
  journal=IEEE_J_RO,
  volume={38},
  number={5},
  pages={2734--2749},
  year={2022},
  publisher={IEEE}
}

@article{lin2022dtact,
  title={{DTact}: A Vision-Based Tactile Sensor that Measures High-Resolution {3D} Geometry Directly from Darkness},
  author={Lin, Changyi and Lin, Ziqi and Wang, Shaoxiong and Xu, Huazhe},
  journal={arXiv preprint arXiv:2209.13916},
  year={2022}
}

@article{zhang2022deltact,
  title={{DelTact}: A vision-based tactile sensor using a dense color pattern},
  author={Zhang, Guanlan and Du, Yipai and Yu, Hongyu and Wang, Michael Yu},
  journal=IEEE_J_RAL,
  volume={7},
  number={4},
  pages={10778--10785},
  year={2022},
  publisher={IEEE}
}

@inproceedings{donlon2018gelslim,
  title={{GelSlim}: A high-resolution, compact, robust, and calibrated tactile-sensing finger},
  author={Donlon, Elliott and Dong, Siyuan and Liu, Melody and Li, Jianhua and Adelson, Edward and Rodriguez, Alberto},
  booktitle={Proc. IEEE/RSJ Int. Conf. Intell. Robots Syst.},
  pages={1927--1934},
  year={2018}
}

@article{shirai2023tactile,
  title={Tactile Tool Manipulation},
  author={Shirai, Yuki and Jha, Devesh K and Raghunathan, Arvind U and Hong, Dennis},
  journal={arXiv preprint arXiv:2301.06698},
  year={2023}
}

@inproceedings{yuan2017shape,
  title={Shape-independent hardness estimation using deep learning and a {GelSight} tactile sensor},
  author={Yuan, Wenzhen and Zhu, Chenzhuo and Owens, Andrew and Srinivasan, Mandayam A and Adelson, Edward H},
  booktitle={Proc. IEEE Int. Conf. Robot. Autom.},
  pages={951--958},
  year={2017}
}

@inproceedings{wang2021gelsight,
  title={{GelSight Wedge}: Measuring high-resolution {3D} contact geometry with a compact robot finger},
  author={Wang, Shaoxiong and She, Yu and Romero, Branden and Adelson, Edward},
  booktitle={Proc. IEEE Int. Conf. Robot. Autom.},
  pages={6468--6475},
  year={2021}
}

@inproceedings{yuan2018active,
  title={Active clothing material perception using tactile sensing and deep learning},
  author={Yuan, Wenzhen and Mo, Yuchen and Wang, Shaoxiong and Adelson, Edward H},
booktitle={Proc. IEEE Int. Conf. Robot. Autom.},
  pages={4842--4849},
  year={2018}
}

@inproceedings{mandlekar2022matters,
  title={What Matters in Learning from Offline Human Demonstrations for Robot Manipulation},
  author={Mandlekar, Ajay and Xu, Danfei and Wong, Josiah and Nasiriany, Soroush and Wang, Chen and Kulkarni, Rohun and Fei-Fei, Li and Savarese, Silvio and Zhu, Yuke and Mart{\'\i}n-Mart{\'\i}n, Roberto},
  booktitle={Proc. Conf. Robot Learn.},
  pages={1678--1690},
  year={2022},
}

@article{shafiullah2022behavior,
  title={Behavior Transformers: Cloning $ k $ modes with one stone},
  author={Shafiullah, Nur Muhammad and Cui, Zichen and Altanzaya, Ariuntuya Arty and Pinto, Lerrel},
  journal={Advances in neural information processing systems},
  volume={35},
  pages={22955--22968},
  year={2022}
}

@article{mandlekar2020learning,
  title={Learning to generalize across long-horizon tasks from human demonstrations},
  author={Mandlekar, Ajay and Xu, Danfei and Mart{\'\i}n-Mart{\'\i}n, Roberto and Savarese, Silvio and Fei-Fei, Li},
  journal={arXiv preprint arXiv:2003.06085},
  year={2020}
}

@inproceedings{mandlekar2020iris,
  title={Iris: Implicit reinforcement without interaction at scale for learning control from offline robot manipulation data},
  author={Mandlekar, Ajay and Ramos, Fabio and Boots, Byron and Savarese, Silvio and Fei-Fei, Li and Garg, Animesh and Fox, Dieter},
  booktitle={2020 IEEE International Conference on Robotics and Automation (ICRA)},
  pages={4414--4420},
  year={2020},
  organization={IEEE}
}

@inproceedings{zhang2018deep,
  title={Deep imitation learning for complex manipulation tasks from virtual reality teleoperation},
  author={Zhang, Tianhao and McCarthy, Zoe and Jow, Owen and Lee, Dennis and Chen, Xi and Goldberg, Ken and Abbeel, Pieter},
  booktitle={2018 IEEE International Conference on Robotics and Automation (ICRA)},
  pages={5628--5635},
  year={2018},
  organization={IEEE}
}

@article{florence2019self,
  title={Self-supervised correspondence in visuomotor policy learning},
  author={Florence, Peter and Manuelli, Lucas and Tedrake, Russ},
  journal={IEEE Robotics and Automation Letters},
  volume={5},
  number={2},
  pages={492--499},
  year={2019},
  publisher={IEEE}
}

@article{schulman2014motion,
  title={Motion planning with sequential convex optimization and convex collision checking},
  author={Schulman, John and Duan, Yan and Ho, Jonathan and Lee, Alex and Awwal, Ibrahim and Bradlow, Henry and Pan, Jia and Patil, Sachin and Goldberg, Ken and Abbeel, Pieter},
  journal={The International Journal of Robotics Research},
  volume={33},
  number={9},
  pages={1251--1270},
  year={2014},
  publisher={SAGE Publications Sage UK: London, England}
}

@article{pomerleau1988alvinn,
  title={Alvinn: An autonomous land vehicle in a neural network},
  author={Pomerleau, Dean A},
  journal={Advances in neural information processing systems},
  volume={1},
  year={1988}
}

@article{zhao2023learning,
  title={Learning fine-grained bimanual manipulation with low-cost hardware},
  author={Zhao, Tony Z and Kumar, Vikash and Levine, Sergey and Finn, Chelsea},
  journal={arXiv preprint arXiv:2304.13705},
  year={2023}
}

@article{jarrett2020strictly,
  title={Strictly batch imitation learning by energy-based distribution matching},
  author={Jarrett, Daniel and Bica, Ioana and van der Schaar, Mihaela},
  journal={Advances in Neural Information Processing Systems},
  volume={33},
  pages={7354--7365},
  year={2020}
}

@inproceedings{florence2022implicit,
  title={Implicit behavioral cloning},
  author={Florence, Pete and Lynch, Corey and Zeng, Andy and Ramirez, Oscar A and Wahid, Ayzaan and Downs, Laura and Wong, Adrian and Lee, Johnny and Mordatch, Igor and Tompson, Jonathan},
  booktitle={Conference on Robot Learning},
  pages={158--168},
  year={2022},
  organization={PMLR}
}

@inproceedings{chi2023diffusionpolicy,
	title={Diffusion Policy: Visuomotor Policy Learning via Action Diffusion},
	author={Chi, Cheng and Feng, Siyuan and Du, Yilun and Xu, Zhenjia and Cousineau, Eric and Burchfiel, Benjamin and Song, Shuran},
	booktitle={Proceedings of Robotics: Science and Systems (RSS)},
	year={2023}
}

@article{du2020improved,
  title={Improved contrastive divergence training of energy based models},
  author={Du, Yilun and Li, Shuang and Tenenbaum, Joshua and Mordatch, Igor},
  journal={arXiv preprint arXiv:2012.01316},
  year={2020}
}

@article{bojarski2016end,
  title={End to end learning for self-driving cars},
  author={Bojarski, Mariusz and Del Testa, Davide and Dworakowski, Daniel and Firner, Bernhard and Flepp, Beat and Goyal, Prasoon and Jackel, Lawrence D and Monfort, Mathew and Muller, Urs and Zhang, Jiakai and others},
  journal={arXiv preprint arXiv:1604.07316},
  year={2016}
}

@inproceedings{ross2011reduction,
  title={A reduction of imitation learning and structured prediction to no-regret online learning},
  author={Ross, St{\'e}phane and Gordon, Geoffrey and Bagnell, Drew},
  booktitle={Proceedings of the fourteenth international conference on artificial intelligence and statistics},
  pages={627--635},
  year={2011},
  organization={JMLR Workshop and Conference Proceedings}
}

@inproceedings{rahmatizadeh2018vision,
  title={Vision-based multi-task manipulation for inexpensive robots using end-to-end learning from demonstration},
  author={Rahmatizadeh, Rouhollah and Abolghasemi, Pooya and B{\"o}l{\"o}ni, Ladislau and Levine, Sergey},
  booktitle={2018 IEEE international conference on robotics and automation (ICRA)},
  pages={3758--3765},
  year={2018},
  organization={IEEE}
}

@article{wu2020spatial,
  title={Spatial action maps for mobile manipulation},
  author={Wu, Jimmy and Sun, Xingyuan and Zeng, Andy and Song, Shuran and Lee, Johnny and Rusinkiewicz, Szymon and Funkhouser, Thomas},
  journal={arXiv preprint arXiv:2004.09141},
  year={2020}
}

@inproceedings{zeng2021transporter,
  title={Transporter networks: Rearranging the visual world for robotic manipulation},
  author={Zeng, Andy and Florence, Pete and Tompson, Jonathan and Welker, Stefan and Chien, Jonathan and Attarian, Maria and Armstrong, Travis and Krasin, Ivan and Duong, Dan and Sindhwani, Vikas and others},
  booktitle={Conference on Robot Learning},
  pages={726--747},
  year={2021},
  organization={PMLR}
}
@inproceedings{avigal2022speedfolding,
  title={Speedfolding: Learning efficient bimanual folding of garments},
  author={Avigal, Yahav and Berscheid, Lars and Asfour, Tamim and Kr{\"o}ger, Torsten and Goldberg, Ken},
  booktitle={2022 IEEE/RSJ International Conference on Intelligent Robots and Systems (IROS)},
  pages={1--8},
  year={2022},
  organization={IEEE}
}


@inproceedings{pfrommer2021contactnets,
  title={Contactnets: Learning discontinuous contact dynamics with smooth, implicit representations},
  author={Pfrommer, Samuel and Halm, Mathew and Posa, Michael},
  booktitle={Conference on Robot Learning},
  pages={2279--2291},
  year={2021},
  organization={PMLR}
}

@article{xiao2021barriernet,
  title={Barriernet: A safety-guaranteed layer for neural networks},
  author={Xiao, Wei and Hasani, Ramin and Li, Xiao and Rus, Daniela},
  journal={arXiv preprint arXiv:2111.11277},
  year={2021}
}

@inproceedings{
retchin2023koopman,
title={Koopman Constrained Policy Optimization: A Koopman operator theoretic method for differentiable optimal control in robotics},
author={Matthew Retchin and Brandon Amos and Steven Brunton and Shuran Song},
booktitle={ICML 2023 Workshop on Differentiable Almost Everything: Differentiable Relaxations, Algorithms, Operators, and Simulators},
year={2023},
url={https://openreview.net/forum?id=3W7vPqWCeM}
}


@article{diehl2022differentiable,
  title={Differentiable Constrained Imitation Learning for Robot Motion Planning and Control},
  author={Diehl, Christopher and Adamek, Janis and Kr{\"u}ger, Martin and Hoffmann, Frank and Bertram, Torsten},
  journal={arXiv preprint arXiv:2210.11796},
  year={2022}
}

@article{bahl2020neural,
  title={Neural dynamic policies for end-to-end sensorimotor learning},
  author={Bahl, Shikhar and Mukadam, Mustafa and Gupta, Abhinav and Pathak, Deepak},
  journal={Advances in Neural Information Processing Systems},
  volume={33},
  pages={5058--5069},
  year={2020}
}

@article{amos2018differentiable,
  title={Differentiable mpc for end-to-end planning and control},
  author={Amos, Brandon and Jimenez, Ivan and Sacks, Jacob and Boots, Byron and Kolter, J Zico},
  journal={Advances in neural information processing systems},
  volume={31},
  year={2018}
}


@inproceedings{karkus2023diffstack,
  title={Diffstack: A differentiable and modular control stack for autonomous vehicles},
  author={Karkus, Peter and Ivanovic, Boris and Mannor, Shie and Pavone, Marco},
  booktitle={Conference on Robot Learning},
  pages={2170--2180},
  year={2023},
  organization={PMLR}
}

@article{garcia1989model,
  title={Model predictive control: Theory and practiceâ€”A survey},
  author={Garcia, Carlos E and Prett, David M and Morari, Manfred},
  journal={Automatica},
  volume={25},
  number={3},
  pages={335--348},
  year={1989},
  publisher={Elsevier}
}

@inproceedings{Pfrommer2020,
  arxiv = {2009.11193},
  author = {Pfrommer, Samuel and Halm, Mathew and Posa, Michael},
  booktitle = {The Conference on Robot Learning (CoRL)},
  title = {{ContactNets: Learning Discontinuous Contact Dynamics with Smooth, Implicit Representations}},
  year = {2020},
  code = {https://github.com/DAIRLab/contact-nets},
  youtube = {I6p8JrIp1Es},
  url = {https://proceedings.mlr.press/v155/pfrommer21a.html}
}

@inproceedings{Bianchini2022,
  title = {Generalization Bounded Implicit Learning of Nearly Discontinuous Functions},
  author = {Bianchini, Bibit and Halm, Mathew and Matni, Nikolai and Posa, Michael},
  booktitle = {Proceedings of The 4th Annual Learning for Dynamics and Control Conference (L4DC)},
  pages = {1112--1124},
  year = {2022},
  editor = {Firoozi, Roya and Mehr, Negar and Yel, Esen and Antonova, Rika and Bohg, Jeannette and Schwager, Mac and Kochenderfer, Mykel},
  volume = {168},
  series = {Proceedings of Machine Learning Research},
  month = {23--24 Jun},
  publisher = {PMLR},
  url = {https://proceedings.mlr.press/v168/bianchini22a.html},
  arxiv = {2112.06881}
}


@inproceedings{rombach2022high,
  title={High-resolution image synthesis with latent diffusion models},
  author={Rombach, Robin and Blattmann, Andreas and Lorenz, Dominik and Esser, Patrick and Ommer, Bj{\"o}rn},
  booktitle={Proceedings of the IEEE/CVF conference on computer vision and pattern recognition},
  pages={10684--10695},
  year={2022}
}

@inproceedings{esser2021taming,
  title={Taming transformers for high-resolution image synthesis},
  author={Esser, Patrick and Rombach, Robin and Ommer, Bjorn},
  booktitle={Proceedings of the IEEE/CVF conference on computer vision and pattern recognition},
  pages={12873--12883},
  year={2021}
}

@inproceedings{zhang2018unreasonable,
  title={The unreasonable effectiveness of deep features as a perceptual metric},
  author={Zhang, Richard and Isola, Phillip and Efros, Alexei A and Shechtman, Eli and Wang, Oliver},
  booktitle={Proceedings of the IEEE conference on computer vision and pattern recognition},
  pages={586--595},
  year={2018}
}

@inproceedings{isola2017image,
  title={Image-to-image translation with conditional adversarial networks},
  author={Isola, Phillip and Zhu, Jun-Yan and Zhou, Tinghui and Efros, Alexei A},
  booktitle={Proceedings of the IEEE conference on computer vision and pattern recognition},
  pages={1125--1134},
  year={2017}
}

@article{yu2021vector,
  title={Vector-quantized image modeling with improved vqgan},
  author={Yu, Jiahui and Li, Xin and Koh, Jing Yu and Zhang, Han and Pang, Ruoming and Qin, James and Ku, Alexander and Xu, Yuanzhong and Baldridge, Jason and Wu, Yonghui},
  journal={arXiv preprint arXiv:2110.04627},
  year={2021}
}

@article{dosovitskiy2016generating,
  title={Generating images with perceptual similarity metrics based on deep networks},
  author={Dosovitskiy, Alexey and Brox, Thomas},
  journal={Advances in neural information processing systems},
  volume={29},
  year={2016}
}

@inproceedings{sohl2015deep,
  title={Deep unsupervised learning using nonequilibrium thermodynamics},
  author={Sohl-Dickstein, Jascha and Weiss, Eric and Maheswaranathan, Niru and Ganguli, Surya},
  booktitle={International conference on machine learning},
  pages={2256--2265},
  year={2015},
  organization={PMLR}
}

@article{ho2020denoising,
  title={Denoising diffusion probabilistic models},
  author={Ho, Jonathan and Jain, Ajay and Abbeel, Pieter},
  journal={Advances in neural information processing systems},
  volume={33},
  pages={6840--6851},
  year={2020}
}

@article{dhariwal2021diffusion,
  title={Diffusion models beat gans on image synthesis},
  author={Dhariwal, Prafulla and Nichol, Alexander},
  journal={Advances in neural information processing systems},
  volume={34},
  pages={8780--8794},
  year={2021}
}

@inproceedings{ronneberger2015u,
  title={U-net: Convolutional networks for biomedical image segmentation},
  author={Ronneberger, Olaf and Fischer, Philipp and Brox, Thomas},
  booktitle={Medical image computing and computer-assisted intervention--MICCAI 2015: 18th international conference, Munich, Germany, October 5-9, 2015, proceedings, part III 18},
  pages={234--241},
  year={2015},
  organization={Springer}
}

@inproceedings{wu2018group,
  title={Group normalization},
  author={Wu, Yuxin and He, Kaiming},
  booktitle={Proceedings of the European conference on computer vision (ECCV)},
  pages={3--19},
  year={2018}
}



@misc{vaswani2023attention,
      title={Attention Is All You Need}, 
      author={Ashish Vaswani and Noam Shazeer and Niki Parmar and Jakob Uszkoreit and Llion Jones and Aidan N. Gomez and Lukasz Kaiser and Illia Polosukhin},
      year={2023},
      eprint={1706.03762},
      archivePrefix={arXiv},
      primaryClass={cs.CL}
}

@inproceedings{jaegle2021perceiver,
  title={Perceiver: General perception with iterative attention},
  author={Jaegle, Andrew and Gimeno, Felix and Brock, Andy and Vinyals, Oriol and Zisserman, Andrew and Carreira, Joao},
  booktitle={International conference on machine learning},
  pages={4651--4664},
  year={2021},
  organization={PMLR}
}

@article{du2024learning,
  title={Learning universal policies via text-guided video generation},
  author={Du, Yilun and Yang, Sherry and Dai, Bo and Dai, Hanjun and Nachum, Ofir and Tenenbaum, Josh and Schuurmans, Dale and Abbeel, Pieter},
  journal={Advances in Neural Information Processing Systems},
  volume={36},
  year={2024}
}


@article{wen2023any,
  title={Any-point trajectory modeling for policy learning},
  author={Wen, Chuan and Lin, Xingyu and So, John and Chen, Kai and Dou, Qi and Gao, Yang and Abbeel, Pieter},
  journal={arXiv preprint arXiv:2401.00025},
  year={2023}
}

@article{Ko2023Learning,
  title={{Learning to Act from Actionless Video through Dense Correspondences}},
  author={Ko, Po-Chen and Mao, Jiayuan and Du, Yilun and Sun, Shao-Hua and Tenenbaum, Joshua B},
  journal={arXiv:2310.08576},
  year={2023},
}

@article{du2023video,
  title={Video language planning},
  author={Du, Yilun and Yang, Mengjiao and Florence, Pete and Xia, Fei and Wahid, Ayzaan and Ichter, Brian and Sermanet, Pierre and Yu, Tianhe and Abbeel, Pieter and Tenenbaum, Joshua B and others},
  journal={arXiv preprint arXiv:2310.10625},
  year={2023}
}


@inproceedings{peebles2023scalable,
  title={Scalable diffusion models with transformers},
  author={Peebles, William and Xie, Saining},
  booktitle={Proceedings of the IEEE/CVF International Conference on Computer Vision},
  pages={4195--4205},
  year={2023}
}


@misc{brooks2024video,
  title={Video generation models as world simulators},
  author={Brooks, T and Peebles, B and Homes, C and DePue, W and Guo, Y and Jing, L and Schnurr, D and Taylor, J and Luhman, T and Luhman, E and others},
  year={2024}
}

@article{xu2024leto,
  title={LeTO: Learning Constrained Visuomotor Policy with Differentiable Trajectory Optimization},
  author={Xu, Zhengtong and She, Yu},
  journal={arXiv preprint arXiv:2401.17500},
  year={2024}
}

@article{lynch2023interactive,
  title={Interactive language: Talking to robots in real time},
  author={Lynch, Corey and Wahid, Ayzaan and Tompson, Jonathan and Ding, Tianli and Betker, James and Baruch, Robert and Armstrong, Travis and Florence, Pete},
  journal={IEEE Robotics and Automation Letters},
  year={2023},
  publisher={IEEE}
}

@article{zhu2022viola,
  title={VIOLA: Imitation Learning for Vision-Based Manipulation with Object Proposal Priors},
  author={Zhu, Yifeng and Joshi, Abhishek and Stone, Peter and Zhu, Yuke},
  journal={arXiv preprint arXiv:2210.11339},
  year={2022}
}

@article{wang2023mimicplay,
  title={Mimicplay: Long-horizon imitation learning by watching human play},
  author={Wang, Chen and Fan, Linxi and Sun, Jiankai and Zhang, Ruohan and Fei-Fei, Li and Xu, Danfei and Zhu, Yuke and Anandkumar, Anima},
  journal={arXiv preprint arXiv:2302.12422},
  year={2023}
}

@article{shi2023waypoint,
  title={Waypoint-based imitation learning for robotic manipulation},
  author={Shi, Lucy Xiaoyang and Sharma, Archit and Zhao, Tony Z and Finn, Chelsea},
  journal={arXiv preprint arXiv:2307.14326},
  year={2023}
}

@article{lee2024behavior,
  title={Behavior Generation with Latent Actions},
  author={Lee, Seungjae and Wang, Yibin and Etukuru, Haritheja and Kim, H Jin and Shafiullah, Nur Muhammad Mahi and Pinto, Lerrel},
  journal={arXiv preprint arXiv:2403.03181},
  year={2024}
}
@article{chi2024universal,
  title={Universal Manipulation Interface: In-The-Wild Robot Teaching Without In-The-Wild Robots},
  author={Chi, Cheng and Xu, Zhenjia and Pan, Chuer and Cousineau, Eric and Burchfiel, Benjamin and Feng, Siyuan and Tedrake, Russ and Song, Shuran},
  journal={arXiv preprint arXiv:2402.10329},
  year={2024}
}
@article{fu2024mobile,
  title={Mobile aloha: Learning bimanual mobile manipulation with low-cost whole-body teleoperation},
  author={Fu, Zipeng and Zhao, Tony Z and Finn, Chelsea},
  journal={arXiv preprint arXiv:2401.02117},
  year={2024}
}

@article{wang2024dexcap,
  title={DexCap: Scalable and Portable Mocap Data Collection System for Dexterous Manipulation},
  author={Wang, Chen and Shi, Haochen and Wang, Weizhuo and Zhang, Ruohan and Fei-Fei, Li and Liu, C Karen},
  journal={arXiv preprint arXiv:2403.07788},
  year={2024}
}

@article{khazatsky2024droid,
  title={DROID: A Large-Scale In-The-Wild Robot Manipulation Dataset},
  author={Khazatsky, Alexander and Pertsch, Karl and Nair, Suraj and Balakrishna, Ashwin and Dasari, Sudeep and Karamcheti, Siddharth and Nasiriany, Soroush and Srirama, Mohan Kumar and Chen, Lawrence Yunliang and Ellis, Kirsty and others},
  journal={arXiv preprint arXiv:2403.12945},
  year={2024}
}

@misc{team2023octo,
  title={Octo: An open-source generalist robot policy},
  author={Team, Octo Model and Ghosh, Dibya and Walke, Homer and Pertsch, Karl and Black, Kevin and Mees, Oier and Dasari, Sudeep and Hejna, Joey and Xu, Charles and Luo, Jianlan and others},
  year={2023}
}

@article{padalkar2023open,
  title={Open x-embodiment: Robotic learning datasets and rt-x models},
  author={Padalkar, Abhishek and Pooley, Acorn and Jain, Ajinkya and Bewley, Alex and Herzog, Alex and Irpan, Alex and Khazatsky, Alexander and Rai, Anant and Singh, Anikait and Brohan, Anthony and others},
  journal={arXiv preprint arXiv:2310.08864},
  year={2023}
}

@inproceedings{sermanet2018time,
  title={Time-contrastive networks: Self-supervised learning from video},
  author={Sermanet, Pierre and Lynch, Corey and Chebotar, Yevgen and Hsu, Jasmine and Jang, Eric and Schaal, Stefan and Levine, Sergey and Brain, Google},
  booktitle={2018 IEEE international conference on robotics and automation (ICRA)},
  pages={1134--1141},
  year={2018},
  organization={IEEE}
}


@article{nair2022r3m,
  title={R3m: A universal visual representation for robot manipulation},
  author={Nair, Suraj and Rajeswaran, Aravind and Kumar, Vikash and Finn, Chelsea and Gupta, Abhinav},
  journal={arXiv preprint arXiv:2203.12601},
  year={2022}
}

@article{ma2022vip,
  title={Vip: Towards universal visual reward and representation via value-implicit pre-training},
  author={Ma, Yecheng Jason and Sodhani, Shagun and Jayaraman, Dinesh and Bastani, Osbert and Kumar, Vikash and Zhang, Amy},
  journal={arXiv preprint arXiv:2210.00030},
  year={2022}
}

@inproceedings{xiong2021learning,
  title={Learning by watching: Physical imitation of manipulation skills from human videos},
  author={Xiong, Haoyu and Li, Quanzhou and Chen, Yun-Chun and Bharadhwaj, Homanga and Sinha, Samarth and Garg, Animesh},
  booktitle={2021 IEEE/RSJ International Conference on Intelligent Robots and Systems (IROS)},
  pages={7827--7834},
  year={2021},
  organization={IEEE}
}

@article{shao2021concept2robot,
  title={Concept2robot: Learning manipulation concepts from instructions and human demonstrations},
  author={Shao, Lin and Migimatsu, Toki and Zhang, Qiang and Yang, Karen and Bohg, Jeannette},
  journal={The International Journal of Robotics Research},
  volume={40},
  number={12-14},
  pages={1419--1434},
  year={2021},
  publisher={SAGE Publications Sage UK: London, England}
}


@article{wang2023mimicplay,
  title={Mimicplay: Long-horizon imitation learning by watching human play},
  author={Wang, Chen and Fan, Linxi and Sun, Jiankai and Zhang, Ruohan and Fei-Fei, Li and Xu, Danfei and Zhu, Yuke and Anandkumar, Anima},
  journal={arXiv preprint arXiv:2302.12422},
  year={2023}
}



@article{mendonca2023structured,
  title={Structured world models from human videos},
  author={Mendonca, Russell and Bahl, Shikhar and Pathak, Deepak},
  journal={arXiv preprint arXiv:2308.10901},
  year={2023}
}

@inproceedings{shaw2023videodex,
  title={Videodex: Learning dexterity from internet videos},
  author={Shaw, Kenneth and Bahl, Shikhar and Pathak, Deepak},
  booktitle={Conference on Robot Learning},
  pages={654--665},
  year={2023},
  organization={PMLR}
}

@inproceedings{bahl2023affordances,
  title={Affordances from human videos as a versatile representation for robotics},
  author={Bahl, Shikhar and Mendonca, Russell and Chen, Lili and Jain, Unnat and Pathak, Deepak},
  booktitle={Proceedings of the IEEE/CVF Conference on Computer Vision and Pattern Recognition},
  pages={13778--13790},
  year={2023}
}

@article{escontrela2024video,
  title={Video prediction models as rewards for reinforcement learning},
  author={Escontrela, Alejandro and Adeniji, Ademi and Yan, Wilson and Jain, Ajay and Peng, Xue Bin and Goldberg, Ken and Lee, Youngwoon and Hafner, Danijar and Abbeel, Pieter},
  journal={Advances in Neural Information Processing Systems},
  volume={36},
  year={2024}
}

@article{yang2023learning,
  title={Learning interactive real-world simulators},
  author={Yang, Mengjiao and Du, Yilun and Ghasemipour, Kamyar and Tompson, Jonathan and Schuurmans, Dale and Abbeel, Pieter},
  journal={arXiv preprint arXiv:2310.06114},
  year={2023}
}

@misc{black2023zeroshot,
      title={Zero-Shot Robotic Manipulation with Pretrained Image-Editing Diffusion Models}, 
      author={Kevin Black and Mitsuhiko Nakamoto and Pranav Atreya and Homer Walke and Chelsea Finn and Aviral Kumar and Sergey Levine},
      year={2023},
      eprint={2310.10639},
      archivePrefix={arXiv},
      primaryClass={cs.RO}
}

@article{zhen20243d,
  title={3D-VLA: A 3D Vision-Language-Action Generative World Model},
  author={Zhen, Haoyu and Qiu, Xiaowen and Chen, Peihao and Yang, Jincheng and Yan, Xin and Du, Yilun and Hong, Yining and Gan, Chuang},
  journal={arXiv preprint arXiv:2403.09631},
  year={2024}
}

@article{gu2023seer,
  title={Seer: Language instructed video prediction with latent diffusion models},
  author={Gu, Xianfan and Wen, Chuan and Ye, Weirui and Song, Jiaming and Gao, Yang},
  journal={arXiv preprint arXiv:2303.14897},
  year={2023}
}


@article{song2020denoising,
  title={Denoising diffusion implicit models},
  author={Song, Jiaming and Meng, Chenlin and Ermon, Stefano},
  journal={arXiv preprint arXiv:2010.02502},
  year={2020}
}

@article{yan2021videogpt,
  title={Videogpt: Video generation using vq-vae and transformers},
  author={Yan, Wilson and Zhang, Yunzhi and Abbeel, Pieter and Srinivas, Aravind},
  journal={arXiv preprint arXiv:2104.10157},
  year={2021}
}

@inproceedings{yu2023magvit,
  title={Magvit: Masked generative video transformer},
  author={Yu, Lijun and Cheng, Yong and Sohn, Kihyuk and Lezama, Jos{\'e} and Zhang, Han and Chang, Huiwen and Hauptmann, Alexander G and Yang, Ming-Hsuan and Hao, Yuan and Essa, Irfan and others},
  booktitle={Proceedings of the IEEE/CVF Conference on Computer Vision and Pattern Recognition},
  pages={10459--10469},
  year={2023}
}

@inproceedings{ge2022long,
  title={Long video generation with time-agnostic vqgan and time-sensitive transformer},
  author={Ge, Songwei and Hayes, Thomas and Yang, Harry and Yin, Xi and Pang, Guan and Jacobs, David and Huang, Jia-Bin and Parikh, Devi},
  booktitle={European Conference on Computer Vision},
  pages={102--118},
  year={2022},
  organization={Springer}
}

@misc{pari2021surprising,
    title={The Surprising Effectiveness of Representation Learning for Visual Imitation}, 
    author={Jyothish Pari and Nur Muhammad Shafiullah and Sridhar Pandian Arunachalam and Lerrel Pinto},
    year={2021},
    eprint={2112.01511},
    archivePrefix={arXiv},
    primaryClass={cs.RO}
}

@misc{xu2024unit,
      title={{UniT}: Unified Tactile Representation for Robot Learning}, 
      author={Zhengtong Xu and Raghava Uppuluri and Xinwei Zhang and Cael Fitch and Philip Glen Crandall and Wan Shou and Dongyi Wang and Yu She},
      year={2024},
      eprint={2408.06481},
      archivePrefix={arXiv},
      primaryClass={cs.RO},
      url={https://arxiv.org/abs/2408.06481}, 
}

@article{urain2024deep,
  title={Deep Generative Models in Robotics: A Survey on Learning from Multimodal Demonstrations},
  author={Urain, Julen and Mandlekar, Ajay and Du, Yilun and Shafiullah, Mahi and Xu, Danfei and Fragkiadaki, Katerina and Chalvatzaki, Georgia and Peters, Jan},
  journal={arXiv preprint arXiv:2408.04380},
  year={2024}
}

@article{liang2024dreamitate,
  title={Dreamitate: Real-world visuomotor policy learning via video generation},
  author={Liang, Junbang and Liu, Ruoshi and Ozguroglu, Ege and Sudhakar, Sruthi and Dave, Achal and Tokmakov, Pavel and Song, Shuran and Vondrick, Carl},
  journal={arXiv preprint arXiv:2406.16862},
  year={2024}
}