@inproceedings{10.1145,
author = {Kr\"{a}henb\"{u}hl, Philipp and Lang, Manuel and Hornung, Alexander and Gross, Markus},
title = {A system for retargeting of streaming video},
year = {2009},
isbn = {9781605588582},
publisher = {Association for Computing Machinery},
booktitle = {ACM SIGGRAPH Asia 2009 Papers},
articleno = {126},
numpages = {10},
keywords = {warping, video retargeting, user study, content-awareness, art-directability, EWA splatting},
location = {Yokohama, Japan},
series = {SIGGRAPH Asia '09}
}

@article{10.1145/2744411,
author = {Gaddam, Vamsidhar Reddy and Eg, Ragnhild and Langseth, Ragnar and Griwodz, Carsten and Halvorsen, P\r{a}l},
title = {The Cameraman Operating My Virtual Camera is Artificial: Can the Machine Be as Good as a Human?},
year = {2015},
issue_date = {April 2015},
publisher = {Association for Computing Machinery},
volume = {11},
number = {4},
issn = {1551-6857},
journal = {ACM Trans. Multimedia Comput. Commun. Appl.},
month = jun,
articleno = {56},
numpages = {20},
}

@INPROCEEDINGS{5995525,
  author={Grundmann, Matthias and Kwatra, Vivek and Essa, Irfan},
  booktitle={CVPR 2011}, 
  title={Auto-directed video stabilization with robust L1 optimal camera paths}, 
  year={2011},
  volume={},
  number={},
  pages={225-232},
  keywords={Cameras;Agriculture;Transforms;Optimization;Motion segmentation;Computational modeling;Three dimensional displays},
  doi={10.1109/CVPR.2011.5995525}
}

@inproceedings{ChenWHCSG13,
  author    = {Christine Chen and
               Oliver Wang and
               Simon Heinzle and
               Peter Carr and
               Aljoscha Smolic and
               Markus H. Gross},
  title     = {Computational sports broadcasting: Automated director assistance for
               live sports},
  booktitle = {Proceedings of the 2013 {IEEE} International Conference on Multimedia
               and Expo, {ICME} 2013, San Jose, CA, USA, July 15-19, 2013},
  year      = {2013},
}

@inproceedings{NIPS2012_1bf2efbb,
 author = {Park, Hyun and Jain, Eakta and Sheikh, Yaser},
 booktitle = {Advances in Neural Information Processing Systems},
 editor = {F. Pereira and C.J. Burges and L. Bottou and K.Q. Weinberger},
 pages = {},
 publisher = {Curran Associates, Inc.},
 title = {3D Social Saliency from Head-mounted Cameras},
 url = {https://proceedings.neurips.cc/paper_files/paper/2012/file/1bf2efbbe0c49b9f567c2e40f645279a-Paper.pdf},
 volume = {25},
 year = {2012}
}

@inproceedings{acarnet,
  title={Actor-context-actor relation network for spatio-temporal action localization},
  author={Pan, Junting and Chen, Siyu and Shou, Mike Zheng and Liu, Yu and Shao, Jing and Li, Hongsheng},
  booktitle=CVPR,
  pages={464--474},
  year={2021}
}

@article{arev2014automatic,
  title={Automatic editing of footage from multiple social cameras},
  author={Arev, Ido and Park, Hyun Soo and Sheikh, Yaser and Hodgins, Jessica and Shamir, Ariel},
  journal={ACM Transactions on Graphics (TOG)},
  volume={33},
  number={4},
  pages={81},
  year={2014},
  publisher={ACM}
}

@article{arijon1976grammar,
  title={Grammar of the film language},
  author={Arijon, Daniel},
  year={1976},
  publisher={Silman-James Press}
}

@article{botsort,
  title={BoT-SORT: Robust Associations Multi-Pedestrian Tracking},
  author={Aharon, Nir and Orfaig, Roy and Bobrovsky, Ben-Zion},
  journal={arXiv preprint arXiv:2206.14651},
  year={2022}
}

@inproceedings{cao2023observation,
  title={Observation-centric sort: Rethinking sort for robust multi-object tracking},
  author={Cao, Jinkun and Pang, Jiangmiao and Weng, Xinshuo and Khirodkar, Rawal and Kitani, Kris},
  booktitle={Proceedings of the IEEE/CVF conference on computer vision and pattern recognition},
  pages={9686--9696},
  year={2023}
}

@inproceedings{carr2013hybrid,
  title={Hybrid robotic/virtual pan-tilt-zom cameras for autonomous event recording},
  author={Carr, Peter and Mistry, Michael and Matthews, Iain},
  booktitle={Proceedings of the 21st ACM international conference on Multimedia},
  pages={193--202},
  year={2013}
}

@article{chen2010personalized,
  title={Personalized production of basketball videos from multi-sensored data under limited display resolution},
  author={Chen, Fan and De Vleeschouwer, Christophe},
  journal={Computer Vision and Image Understanding},
  volume={114},
  number={6},
  pages={667--680},
  year={2010},
  publisher={Elsevier}
}

@inproceedings{chen2018camera,
  title={Camera Selection for Broadcasting Soccer Games},
  author={Chen, Jianhui and Meng, Lili and Little, James J},
  booktitle={2018 IEEE Winter Conference on Applications of Computer Vision (WACV)},
  pages={427--435},
  year={2018},
  organization={IEEE}
}

@inproceedings{christianson1996declarative,
  title={Declarative camera control for automatic cinematography},
  author={Christianson, David B and Anderson, Sean E and He, Li-wei and Salesin, David H and Weld, Daniel S and Cohen, Michael F},
  booktitle={AAAI/IAAI, Vol. 1},
  pages={148--155},
  year={1996}
}

@article{dhf1k,
  title={Revisiting video saliency prediction in the deep learning era},
  author={Wang, Wenguan and Shen, Jianbing and Xie, Jianwen and Cheng, Ming-Ming and Ling, Haibin and Borji, Ali},
  journal={TPAMI},
  volume={43},
  number={1},
  pages={220--237},
  year={2019},
  publisher={IEEE}
}

@inproceedings{galvane2015continuity,
  title={Continuity editing for 3D animation},
  author={Galvane, Quentin and Ronfard, R{\'e}mi and Lino, Christophe and Christie, Marc},
  booktitle={Twenty-Ninth AAAI Conference on Artificial Intelligence},
  year={2015}
}

@inproceedings{gazed, 
   series={CHI ’20},
   title={GAZED- Gaze-guided Cinematic Editing of Wide-Angle Monocular Video Recordings},
   url={http://dx.doi.org/10.1145/3313831.3376544},
   DOI={10.1145/3313831.3376544},
   booktitle={Proceedings of the 2020 CHI Conference on Human Factors in Computing Systems},
   publisher={ACM},
   author={Moorthy, K. L. Bhanu and Kumar, Moneish and Subramanian, Ramanathan and Gandhi, Vineet},
   year={2020},
   month=apr, collection={CHI ’20} 
}

@inproceedings{he1996virtual,
  title={The virtual cinematographer: a paradigm for automatic real-time camera control and directing},
  author={He, Li-wei and Cohen, Michael F and Salesin, David H},
  booktitle={Proceedings of the 23rd annual conference on Computer graphics and interactive techniques},
  pages={217--224},
  year={1996},
  organization={ACM}
}

@article{heck2007virtual,
  title={Virtual videography},
  author={Heck, Rachel and Wallick, Michael and Gleicher, Michael},
  journal={ACM Transactions on Multimedia Computing, Communications, and Applications (TOMM)},
  volume={3},
  number={1},
  pages={4--es},
  year={2007},
  publisher={ACM New York, NY, USA}
}

@article{kao2023toward,
  title={Toward 3d face reconstruction in perspective projection: Estimating 6dof face pose from monocular image},
  author={Kao, Yueying and Pan, Bowen and Xu, Miao and Lyu, Jiangjing and Zhu, Xiangyu and Chang, Yuanzhang and Li, Xiaobo and Lei, Zhen},
  journal={IEEE Transactions on Image Processing},
  volume={32},
  pages={3080--3091},
  year={2023},
  publisher={IEEE}
}

@article{leake-speaker,
author = {Leake, Mackenzie and Davis, Abe and Truong, Anh and Agrawala, Maneesh},
title = {Computational video editing for dialogue-driven scenes},
year = {2017},
issue_date = {August 2017},
publisher = {Association for Computing Machinery},
address = {New York, NY, USA},
volume = {36},
number = {4},
issn = {0730-0301},
url = {https://doi.org/10.1145/3072959.3073653},
doi = {10.1145/3072959.3073653},
journal = {ACM Trans. Graph.},
month = jul,
articleno = {130},
numpages = {14},
keywords = {video editing}
}

@inproceedings{lino2011computational,
  title={Computational model of film editing for interactive storytelling},
  author={Lino, Christophe and Chollet, Mathieu and Christie, Marc and Ronfard, R{\'e}mi},
  booktitle={International Conference on Interactive Digital Storytelling},
  pages={305--308},
  year={2011},
  organization={Springer}
}

@inproceedings{liu2006video,
  title={Video retargeting: automating pan and scan},
  author={Liu, Feng and Gleicher, Michael},
  booktitle={Proceedings of the 14th ACM international conference on Multimedia},
  pages={241--250},
  year={2006}
}

@inproceedings{merabti2016virtual,
  title={A Virtual Director Using Hidden Markov Models},
  author={Merabti, Billal and Christie, Marc and Bouatouch, Kadi},
  booktitle={Computer Graphics Forum},
  volume={35},
  number={8},
  pages={51--67},
  year={2016},
  organization={Wiley Online Library}
}

@article{pan2021smart,
  title={Smart director: An event-driven directing system for live broadcasting},
  author={Pan, Yingwei and Chen, Yue and Bao, Qian and Zhang, Ning and Yao, Ting and Liu, Jingen and Mei, Tao},
  journal={ACM Transactions on Multimedia Computing, Communications, and Applications (TOMM)},
  volume={17},
  number={4},
  pages={1--18},
  year={2021},
  publisher={ACM New York, NY}
}

@inproceedings{rachavarapu2018watch,
  title={Watch to edit: Video retargeting using gaze},
  author={Rachavarapu, Kranthi Kumar and Kumar, Moneish and Gandhi, Vineet and Subramanian, Ramanathan},
  booktitle={Computer Graphics Forum},
  volume={37},
  number={2},
  pages={205--215},
  year={2018},
  organization={Wiley Online Library}
}

@inproceedings{schafer2010ultra,
  title={Ultra high resolution video production and display as basis of a format agnostic production system},
  author={Sch{\"a}fer, Ralf and Kauff, Peter and Weissig, Christian},
  booktitle={Proceedings of International Broadcast Conference (IBC 2010)},
  volume={1},
  year={2010}
}

@inproceedings{slowfast,
  title={Slowfast networks for video recognition},
  author={Feichtenhofer, Christoph and Fan, Haoqi and Malik, Jitendra and He, Kaiming},
  booktitle=ICCV,
  pages={6202--6211},
  year={2019}
}

@inproceedings{su2016pano2vid,
  title={Pano2vid: Automatic cinematography for watching 360 videos},
  author={Su, Yu-Chuan and Jayaraman, Dinesh and Grauman, Kristen},
  booktitle={Asian Conference on Computer Vision},
  pages={154--171},
  year={2016},
  organization={Springer}
}

@article{tang2019joint,
  title={Joint stabilization and direction of 360 videos},
  author={Tang, Chengzhou and Wang, Oliver and Liu, Feng and Tan, Ping},
  journal={ACM Transactions on Graphics (TOG)},
  volume={38},
  number={2},
  pages={1--13},
  year={2019},
  publisher={ACM New York, NY, USA}
}

@inproceedings{vcs,
author = {Gandhi, Vineet and Ronfard, Remi and Gleicher, Michael},
title = {Multi-clip video editing from a single viewpoint},
year = {2014},
isbn = {9781450331852},
publisher = {Association for Computing Machinery},
address = {New York, NY, USA},
url = {https://doi.org/10.1145/2668904.2668936},
doi = {10.1145/2668904.2668936},
booktitle = {Proceedings of the 11th European Conference on Visual Media Production},
articleno = {9},
numpages = {10},
keywords = {computer graphics, computer vision, video editing, video processing},
location = {London, United Kingdom},
series = {CVMP '14}
}

@inproceedings{vinet,
  title={Vinet: Pushing the limits of visual modality for audio-visual saliency prediction},
  author={Jain, Samyak and Yarlagadda, Pradeep and Jyoti, Shreyank and Karthik, Shyamgopal and Subramanian, Ramanathan and Gandhi, Vineet},
  booktitle={IROS},
  pages={3520--3527},
  year={2021},
  organization={IEEE}
}

@article{wang2008automatic,
  title={Automatic composition of broadcast sports video},
  author={Wang, Jinjun and Xu, Changsheng and Chng, Engsiong and Lu, Hanqing and Tian, Qi},
  journal={Multimedia Systems},
  volume={14},
  number={4},
  pages={179--193},
  year={2008},
  publisher={Springer}
}

@incollection{wang2010motion,
  title={Motion-based video retargeting with optimized crop-and-warp},
  author={Wang, Yu-Shuen and Lin, Hui-Chih and Sorkine, Olga and Lee, Tong-Yee},
  booktitle={ACM SIGGRAPH 2010 papers},
  pages={1--9},
  year={2010}
}

@software{yolo_repo,
author = {Jocher, Glenn and Chaurasia, Ayush and Qiu, Jing},
license = {AGPL-3.0},
month = jan,
title = {{Ultralytics YOLO}},
url = {https://github.com/ultralytics/ultralytics},
version = {8.0.0},
year = {2023}
}

@INPROCEEDINGS{yolov8,
  author={Varghese, Rejin and M., Sambath},
  booktitle={2024 International Conference on Advances in Data Engineering and Intelligent Computing Systems (ADICS)}, 
  title={YOLOv8: A Novel Object Detection Algorithm with Enhanced Performance and Robustness}, 
  year={2024},
  volume={},
  number={},
  pages={1-6},
  keywords={YOLO;Performance evaluation;Technological innovation;Computer vision;Heuristic algorithms;Speech recognition;Benchmark testing;YOLOv8;Object Detection;Performance Enhancement;Robustness;Computational Efficiency;Computer Vision Systems},
  doi={10.1109/ADICS58448.2024.10533619}
}

@article{zhang2008automated,
  title={An automated end-to-end lecture capture and broadcasting system},
  author={Zhang, Cha and Rui, Yong and Crawford, Jim and He, Li-Wei},
  journal={ACM Transactions on multimedia computing, communications, and applications (TOMM)},
  volume={4},
  number={1},
  pages={1--23},
  year={2008},
  publisher={ACM New York, NY, USA}
}

