
% Journals

% First the Full Name is given, then the abbreviation used in the AMS Math
% Reviews, with an indication if it could not be found there.
% Note the 2nd overwrites the 1st, so swap them if you want the full name.

 %{AMS}
 @String{AMSTrans = "American Mathematical Society Translations" }
 @String{AMSTrans = "Amer. Math. Soc. Transl." }
 @String{BullAMS = "Bulletin of the American Mathematical Society" }
 @String{BullAMS = "Bull. Amer. Math. Soc." }
 @String{ProcAMS = "Proceedings of the American Mathematical Society" }
 @String{ProcAMS = "Proc. Amer. Math. Soc." }
 @String{TransAMS = "Transactions of the American Mathematical Society" }
 @String{TransAMS = "Trans. Amer. Math. Soc." }

 %ACM
 @String{CACM = "Communications of the {ACM}" }
 @String{CACM = "Commun. {ACM}" }
 @String{CompServ = "Comput. Surveys" }
 @String{JACM = "J. ACM" }
 @String{ACMMathSoft = "{ACM} Transactions on Mathematical Software" }
 @String{ACMMathSoft = "{ACM} Trans. Math. Software" }
 @String{SIGNUM = "{ACM} {SIGNUM} Newsletter" }
 @String{SIGNUM = "{ACM} {SIGNUM} Newslett." }

 @String{AmerSocio = "American Journal of Sociology" }
 @String{AmerStatAssoc = "Journal of the American Statistical Association" }
 @String{AmerStatAssoc = "J. Amer. Statist. Assoc." }
 @String{ApplMathComp = "Applied Mathematics and Computation" }
 @String{ApplMathComp = "Appl. Math. Comput." }
 @String{AmerMathMonthly = "American Mathematical Monthly" }
 @String{AmerMathMonthly = "Amer. Math. Monthly" }
 @String{BIT = "{BIT}" }
 @String{BritStatPsych = "British Journal of Mathematical and Statistical
          Psychology" }
 @String{BritStatPsych = "Brit. J. Math. Statist. Psych." }
 @String{CanMathBull = "Canadian Mathematical Bulletin" }
 @String{CanMathBull = "Canad. Math. Bull." }
 @String{CompApplMath = "Journal of Computational and Applied Mathematics" }
 @String{CompApplMath = "J. Comput. Appl. Math." }
 @String{CompPhys = "Journal of Computational Physics" }
 @String{CompPhys = "J. Comput. Phys." }
 @String{CompStruct = "Computers and Structures" }
 @String{CompStruct = "Comput. \& Structures" }
 @String{CompJour = "The Computer Journal" }
 @String{CompJour = "Comput. J." }
 @String{CompSysSci = "Journal of Computer and System Sciences" }
 @String{CompSysSci = "J. Comput. System Sci." }
 @String{Computing = "Computing" }
 @String{ContempMath = "Contemporary Mathematics" }
 @String{ContempMath = "Contemp. Math." }
 @String{Crelle = "Crelle's Journal" }
 @String{GiornaleMath = "Giornale di Mathematiche" }
 @String{GiornaleMath = "Giorn. Mat." } % didn't find in AMS MR., ibid.

 %IEEE
 @String{Computer = "{IEEE} Computer" }
 @String{IEEETransComp = "{IEEE} Transactions on Computers" }
 @String{IEEETransComp = "{IEEE} Trans. Comput." }
 @String{IEEETransAC = "{IEEE} Transactions on Automatic Control" }
 @String{IEEETransAC = "{IEEE} Trans. Automat. Control" }
 @String{IEEESpec = "{IEEE} Spectrum" } % didn't find in AMS MR
 @String{ProcIEEE = "Proceedings of the {IEEE}" }
 @String{ProcIEEE = "Proc. {IEEE}" } % didn't find in AMS MR
 @String{IEEETransAeroElec = "{IEEE} Transactions on Aerospace and Electronic
     Systems" }
 @String{IEEETransAeroElec = "{IEEE} Trans. Aerospace Electron. Systems" }

 @String{IMANumerAna = "{IMA} Journal of Numerical Analysis" }
 @String{IMANumerAna = "{IMA} J. Numer. Anal." }
 @String{InfProcLet = "Information Processing Letters" }
 @String{InfProcLet = "Inform. Process. Lett." }
 @String{InstMathApp = "Journal of the Institute of Mathematics and
     its Applications" }
 @String{InstMathApp = "J. Inst. Math. Appl." }
 @String{IntControl = "International Journal of Control" }
 @String{IntControl = "Internat. J. Control" }
 @String{IntNumerEng = "International Journal for Numerical Methods in
     Engineering" }
 @String{IntNumerEng = "Internat. J. Numer. Methods Engrg." }
 @String{IntSuper = "International Journal of Supercomputing Applications" }
 @String{IntSuper = "Internat. J. Supercomputing Applic." } % didn't find
%% in AMS MR
 @String{Kibernetika = "Kibernetika" }
 @String{JResNatBurStand = "Journal of Research of the National Bureau
     of Standards" }
 @String{JResNatBurStand = "J. Res. Nat. Bur. Standards" }
 @String{LinAlgApp = "Linear Algebra and its Applications" }
 @String{LinAlgApp = "Linear Algebra Appl." }
 @String{MathAnaAppl = "Journal of Mathematical Analysis and Applications" }
 @String{MathAnaAppl = "J. Math. Anal. Appl." }
 @String{MathAnnalen = "Mathematische Annalen" }
 @String{MathAnnalen = "Math. Ann." }
 @String{MathPhys = "Journal of Mathematical Physics" }
 @String{MathPhys = "J. Math. Phys." }
 @String{MathComp = "Mathematics of Computation" }
 @String{MathComp = "Math. Comp." }
 @String{MathScand = "Mathematica Scandinavica" }
 @String{MathScand = "Math. Scand." }
 @String{TablesAidsComp = "Mathematical Tables and Other Aids to Computation" }
 @String{TablesAidsComp = "Math. Tables Aids Comput." }
 @String{NumerMath = "Numerische Mathematik" }
 @String{NumerMath = "Numer. Math." }
 @String{PacificMath = "Pacific Journal of Mathematics" }
 @String{PacificMath = "Pacific J. Math." }
 @String{ParDistComp = "Journal of Parallel and Distributed Computing" }
 @String{ParDistComp = "J. Parallel and Distrib. Comput." } % didn't find
%% in AMS MR
 @String{ParComputing = "Parallel Computing" }
 @String{ParComputing = "Parallel Comput." }
 @String{PhilMag = "Philosophical Magazine" }
 @String{PhilMag = "Philos. Mag." }
 @String{ProcNAS = "Proceedings of the National Academy of Sciences
                    of the USA" }
 @String{ProcNAS = "Proc. Nat. Acad. Sci. U. S. A." }
 @String{Psychometrika = "Psychometrika" }
 @String{QuartMath = "Quarterly Journal of Mathematics, Oxford, Series (2)" }
 @String{QuartMath = "Quart. J. Math. Oxford Ser. (2)" }
 @String{QuartApplMath = "Quarterly of Applied Mathematics" }
 @String{QuartApplMath = "Quart. Appl. Math." }
 @String{RevueInstStat = "Review of the International Statisical Institute" }
 @String{RevueInstStat = "Rev. Inst. Internat. Statist." }

 %SIAM
 @String{JSIAM = "Journal of the Society for Industrial and Applied
     Mathematics" }
 @String{JSIAM = "J. Soc. Indust. Appl. Math." }
 @String{JSIAMB = "Journal of the Society for Industrial and Applied
     Mathematics, Series B, Numerical Analysis" }
 @String{JSIAMB = "J. Soc. Indust. Appl. Math. Ser. B Numer. Anal." }
 @String{SIAMAlgMeth = "{SIAM} Journal on Algebraic and Discrete Methods" }
 @String{SIAMAlgMeth = "{SIAM} J. Algebraic Discrete Methods" }
 @String{SIAMAppMath = "{SIAM} Journal on Applied Mathematics" }
 @String{SIAMAppMath = "{SIAM} J. Appl. Math." }
 @String{SIAMComp = "{SIAM} Journal on Computing" }
 @String{SIAMComp = "{SIAM} J. Comput." }
 @String{SIAMMatrix = "{SIAM} Journal on Matrix Analysis and Applications" }
 @String{SIAMMatrix = "{SIAM} J. Matrix Anal. Appl." }
 @String{SIAMNumAnal = "{SIAM} Journal on Numerical Analysis" }
 @String{SIAMNumAnal = "{SIAM} J. Numer. Anal." }
 @String{SIAMReview = "{SIAM} Review" }
 @String{SIAMReview = "{SIAM} Rev." }
 @String{SIAMSciStat = "{SIAM} Journal on Scientific and Statistical
     Computing" }
 @String{SIAMSciStat = "{SIAM} J. Sci. Statist. Comput." }

 @String{SoftPracExp = "Software Practice and Experience" }
 @String{SoftPracExp = "Software Prac. Experience" } % didn't find in AMS MR
 @String{StatScience = "Statistical Science" }
 @String{StatScience = "Statist. Sci." }
 @String{Techno = "Technometrics" }
 @String{USSRCompMathPhys = "{USSR} Computational Mathematics and Mathematical
     Physics" }
 @String{USSRCompMathPhys = "{U. S. S. R.} Comput. Math. and Math. Phys." }
 @String{VLSICompSys = "Journal of {VLSI} and Computer Systems" }
 @String{VLSICompSys = "J. {VLSI} Comput. Syst." }
 @String{ZAngewMathMech = "Zeitschrift fur Angewandte Mathematik und
     Mechanik" }
 @String{ZAngewMathMech = "Z. Angew. Math. Mech." }
 @String{ZAngewMathPhys = "Zeitschrift fur Angewandte Mathematik und Physik" }
 @String{ZAngewMathPhys = "Z. Angew. Math. Phys." }

% Publishers % ================================================= |

 @String{Academic = "Academic Press" }
 @String{ACMPress = "{ACM} Press" }
 @String{AdamHilger = "Adam Hilger" }
 @String{AddisonWesley = "Addison-Wesley" }
 @String{AllynBacon = "Allyn and Bacon" }
 @String{AMS = "American Mathematical Society" }
 @String{Birkhauser = "Birkha{\"u}ser" }
 @String{CambridgePress = "Cambridge University Press" }
 @String{Chelsea = "Chelsea" }
 @String{ClaredonPress = "Claredon Press" }
 @String{DoverPub = "Dover Publications" }
 @String{Eyolles = "Eyolles" }
 @String{HoltRinehartWinston = "Holt, Rinehart and Winston" }
 @String{Interscience = "Interscience" }
 @String{JohnsHopkinsPress = "The Johns Hopkins University Press" }
 @String{JohnWileySons = "John Wiley and Sons" }
 @String{Macmillan = "Macmillan" }
 @String{MathWorks = "The Math Works Inc." }
 @String{McGrawHill = "McGraw-Hill" }
 @String{NatBurStd = "National Bureau of Standards" }
 @String{NorthHolland = "North-Holland" }
 @String{OxfordPress = "Oxford University Press" }  %address Oxford or London?
 @String{PergamonPress = "Pergamon Press" }
 @String{PlenumPress = "Plenum Press" }
 @String{PrenticeHall = "Prentice-Hall" }
 @String{SIAMPub = "{SIAM} Publications" }
 @String{Springer = "Springer-Verlag" }
 @String{TexasPress = "University of Texas Press" }
 @String{VanNostrand = "Van Nostrand" }
 @String{WHFreeman = "W. H. Freeman and Co." }


 @STRING{ECCV="European Conference on Computer Vision (ECCV)"}
 @STRING{ICCV="International Conference on Computer Vision (ICCV)"}
 @STRING{CVPR="Conference on Computer Vision and Pattern Recognition (CVPR)"}

%Entries

@InProceedings{etmd,
author="Koutras, Petros
and Katsamanis, Athanasios
and Maragos, Petros",
editor="Harris, Don",
title="Predicting Eyes' Fixations in Movie Videos: Visual Saliency Experiments on a New Eye-Tracking Database",
booktitle="Engineering Psychology and Cognitive Ergonomics",
year="2014",
pages="183--194"
}

@inproceedings{coutrot2,
  title={An efficient audiovisual saliency model to predict eye positions when looking at conversations},
  author={Coutrot, Antoine and Guyader, Nathalie},
  booktitle={2015 23rd European Signal Processing Conference (EUSIPCO)},
  pages={1531--1535},
  year={2015},
  organization={IEEE}
}

@article{botsort,
  title={BoT-SORT: Robust Associations Multi-Pedestrian Tracking},
  author={Aharon, Nir and Orfaig, Roy and Bobrovsky, Ben-Zion},
  journal={arXiv preprint arXiv:2206.14651},
  year={2022}
}

@article{whisperx,
  title={WhisperX: Time-Accurate Speech Transcription of Long-Form Audio},
  author={Bain, Max and Huh, Jaesung and Han, Tengda and Zisserman, Andrew},
  journal={INTERSPEECH 2023},
  year={2023}
}

@inproceedings{gazed, 
   series={CHI ’20},
   title={GAZED- Gaze-guided Cinematic Editing of Wide-Angle Monocular Video Recordings},
   url={http://dx.doi.org/10.1145/3313831.3376544},
   DOI={10.1145/3313831.3376544},
   booktitle={Proceedings of the 2020 CHI Conference on Human Factors in Computing Systems},
   publisher={ACM},
   author={Moorthy, K. L. Bhanu and Kumar, Moneish and Subramanian, Ramanathan and Gandhi, Vineet},
   year={2020},
   month=apr, collection={CHI ’20} 
}

@article{heck2007virtual,
  title={Virtual videography},
  author={Heck, Rachel and Wallick, Michael and Gleicher, Michael},
  journal={ACM Transactions on Multimedia Computing, Communications, and Applications (TOMM)},
  volume={3},
  number={1},
  pages={4--es},
  year={2007},
  publisher={ACM New York, NY, USA}
}

@inproceedings{schafer2010ultra,
  title={Ultra high resolution video production and display as basis of a format agnostic production system},
  author={Sch{\"a}fer, Ralf and Kauff, Peter and Weissig, Christian},
  booktitle={Proceedings of International Broadcast Conference (IBC 2010)},
  volume={1},
  year={2010}
}

@inproceedings{liu2006video,
  title={Video retargeting: automating pan and scan},
  author={Liu, Feng and Gleicher, Michael},
  booktitle={Proceedings of the 14th ACM international conference on Multimedia},
  pages={241--250},
  year={2006}
}

@incollection{wang2010motion,
  title={Motion-based video retargeting with optimized crop-and-warp},
  author={Wang, Yu-Shuen and Lin, Hui-Chih and Sorkine, Olga and Lee, Tong-Yee},
  booktitle={ACM SIGGRAPH 2010 papers},
  pages={1--9},
  year={2010}
}

@article{zhang2008automated,
  title={An automated end-to-end lecture capture and broadcasting system},
  author={Zhang, Cha and Rui, Yong and Crawford, Jim and He, Li-Wei},
  journal={ACM Transactions on multimedia computing, communications, and applications (TOMM)},
  volume={4},
  number={1},
  pages={1--23},
  year={2008},
  publisher={ACM New York, NY, USA}
}

@article{vishnubhotla2024emotion,
  title={The Emotion Dynamics of Literary Novels},
  author={Vishnubhotla, Krishnapriya and Hammond, Adam and Hirst, Graeme and Mohammad, Saif M},
  journal={ACL},
  year={2024}
}

@article{dhf1k,
  title={Revisiting video saliency prediction in the deep learning era},
  author={Wang, Wenguan and Shen, Jianbing and Xie, Jianwen and Cheng, Ming-Ming and Ling, Haibin and Borji, Ali},
  journal={TPAMI},
  volume={43},
  number={1},
  pages={220--237},
  year={2019},
  publisher={IEEE}
}

@inproceedings{pan2021actor,
  title={Actor-context-actor relation network for spatio-temporal action localization},
  author={Pan, Junting and Chen, Siyu and Shou, Mike Zheng and Liu, Yu and Shao, Jing and Li, Hongsheng},
  booktitle={Proceedings of the IEEE/CVF Conference on Computer Vision and Pattern Recognition},
  pages={464--474},
  year={2021}
}

@inproceedings{zhou2024pop,
  title={POP-CEE: Position-oriented Prompt-tuning Model for Causal Emotion Entailment},
  author={Zhou, Zhihan and Gu, Xue and Zhao, Yujie and Xu, Hao},
  booktitle={Findings of the Association for Computational Linguistics ACL 2024},
  pages={4199--4210},
  year={2024}
}

@inproceedings{manikantan2024major,
  title={Major Entity Identification: A Generalizable Alternative to Coreference Resolution},
  author={Sundar, Kawshik and Toshniwal, Shubham and Tapaswi, Makarand and Gandhi, Vineet},
  booktitle={Proceedings of the 2024 Conference on Empirical Methods in Natural Language Processing},
  pages={11679--11695},
  year={2024}
}

@inproceedings{gandhi2015computational,
  title={A computational framework for vertical video editing},
  author={Gandhi, Vineet and Ronfard, R{\'e}mi},
  booktitle={4th Workshop on Intelligent Camera Control, Cinematography and Editing},
  pages={31--37},
  year={2015},
  organization={Eurographics Association}
}

@inproceedings{carr2013hybrid,
  title={Hybrid robotic/virtual pan-tilt-zom cameras for autonomous event recording},
  author={Carr, Peter and Mistry, Michael and Matthews, Iain},
  booktitle={Proceedings of the 21st ACM international conference on Multimedia},
  pages={193--202},
  year={2013}
}

@inproceedings{NIPS2012_1bf2efbb,
 author = {Park, Hyun and Jain, Eakta and Sheikh, Yaser},
 booktitle = {Advances in Neural Information Processing Systems},
 editor = {F. Pereira and C.J. Burges and L. Bottou and K.Q. Weinberger},
 pages = {},
 publisher = {Curran Associates, Inc.},
 title = {3D Social Saliency from Head-mounted Cameras},
 url = {https://proceedings.neurips.cc/paper_files/paper/2012/file/1bf2efbbe0c49b9f567c2e40f645279a-Paper.pdf},
 volume = {25},
 year = {2012}
}

@article{arev2014automatic,
  title={Automatic editing of footage from multiple social cameras},
  author={Arev, Ido and Park, Hyun Soo and Sheikh, Yaser and Hodgins, Jessica and Shamir, Ariel},
  journal={ACM Transactions on Graphics (TOG)},
  volume={33},
  number={4},
  pages={81},
  year={2014},
  publisher={ACM}
}

@article{10.1145/2744411,
author = {Gaddam, Vamsidhar Reddy and Eg, Ragnhild and Langseth, Ragnar and Griwodz, Carsten and Halvorsen, P\r{a}l},
title = {The Cameraman Operating My Virtual Camera is Artificial: Can the Machine Be as Good as a Human?},
year = {2015},
issue_date = {April 2015},
publisher = {Association for Computing Machinery},
volume = {11},
number = {4},
issn = {1551-6857},
journal = {ACM Trans. Multimedia Comput. Commun. Appl.},
month = jun,
articleno = {56},
numpages = {20},
}

@inproceedings{vcs,
author = {Gandhi, Vineet and Ronfard, Remi and Gleicher, Michael},
title = {Multi-clip video editing from a single viewpoint},
year = {2014},
isbn = {9781450331852},
publisher = {Association for Computing Machinery},
address = {New York, NY, USA},
url = {https://doi.org/10.1145/2668904.2668936},
doi = {10.1145/2668904.2668936},
booktitle = {Proceedings of the 11th European Conference on Visual Media Production},
articleno = {9},
numpages = {10},
keywords = {computer graphics, computer vision, video editing, video processing},
location = {London, United Kingdom},
series = {CVMP '14}
}

@inproceedings{bbc_osd,
author = {Jolly, Stephen and Phillipson, Graeme and Evans, Michael},
title = {Old School: An 8K Multicamera Shoot to Create a Dataset for Computational Cinematography},
year = {2023},
isbn = {9798400708459},
publisher = {Association for Computing Machinery},
address = {New York, NY, USA},
url = {https://doi.org/10.1145/3604321.3604374},
doi = {10.1145/3604321.3604374},
booktitle = {Proceedings of the 2023 ACM International Conference on Interactive Media Experiences Workshops},
pages = {76},
numpages = {1},
keywords = {8K, Artificial Intelligence, ML, Machine Learning, multi-camera, rushes},
location = {Nantes, France},
series = {IMXw '23}
}

@inproceedings{talknet,
  title={Is someone speaking? exploring long-term temporal features for audio-visual active speaker detection},
  author={Tao, Ruijie and Pan, Zexu and Das, Rohan Kumar and Qian, Xinyuan and Shou, Mike Zheng and Li, Haizhou},
  booktitle={Proceedings of the 29th ACM international conference on multimedia},
  pages={3927--3935},
  year={2021}
}

@INPROCEEDINGS{5995525,
  author={Grundmann, Matthias and Kwatra, Vivek and Essa, Irfan},
  booktitle={CVPR 2011}, 
  title={Auto-directed video stabilization with robust L1 optimal camera paths}, 
  year={2011},
  volume={},
  number={},
  pages={225-232},
  keywords={Cameras;Agriculture;Transforms;Optimization;Motion segmentation;Computational modeling;Three dimensional displays},
  doi={10.1109/CVPR.2011.5995525}
}

@inproceedings{su2016pano2vid,
  title={Pano2vid: Automatic cinematography for watching 360 videos},
  author={Su, Yu-Chuan and Jayaraman, Dinesh and Grauman, Kristen},
  booktitle={Asian Conference on Computer Vision},
  pages={154--171},
  year={2016},
  organization={Springer}
}

@article{tang2019joint,
  title={Joint stabilization and direction of 360 videos},
  author={Tang, Chengzhou and Wang, Oliver and Liu, Feng and Tan, Ping},
  journal={ACM Transactions on Graphics (TOG)},
  volume={38},
  number={2},
  pages={1--13},
  year={2019},
  publisher={ACM New York, NY, USA}
}

@INPROCEEDINGS{8100116,
  author={Ioannou, Yani and Robertson, Duncan and Cipolla, Roberto and Criminisi, Antonio},
  booktitle=CVPR, 
  title={Deep Roots: Improving CNN Efficiency with Hierarchical Filter Groups}, 
  year={2017},
  volume={},
  number={}
}

@inproceedings{zhang2018shufflenet,
  title={Shufflenet: An extremely efficient convolutional neural network for mobile devices},
  author={Zhang, Xiangyu and Zhou, Xinyu and Lin, Mengxiao and Sun, Jian},
  booktitle=CVPR,
  year={2018}
}

@inproceedings{gu2018ava,
  title={Ava: A video dataset of spatio-temporally localized atomic visual actions},
  author={Gu, Chunhui and Sun, Chen and Ross, David A and Vondrick, Carl and Pantofaru, Caroline and Li, Yeqing and Vijayanarasimhan, Sudheendra and Toderici, George and Ricco, Susanna and Sukthankar, Rahul and others},
  booktitle={Proceedings of the IEEE conference on computer vision and pattern recognition},
  pages={6047--6056},
  year={2018}
}

@inproceedings{mvva,
  title={Learning to predict salient faces: A novel visual-audio saliency model},
  author={Liu, Yufan and Qiao, Minglang and Xu, Mai and Li, Bing and Hu, Weiming and Borji, Ali},
  booktitle=ECCV,
  pages={413--429},
  year={2020}
}

@INPROCEEDINGS{yolov8,
  author={Varghese, Rejin and M., Sambath},
  booktitle={2024 International Conference on Advances in Data Engineering and Intelligent Computing Systems (ADICS)}, 
  title={YOLOv8: A Novel Object Detection Algorithm with Enhanced Performance and Robustness}, 
  year={2024},
  volume={},
  number={},
  pages={1-6},
  keywords={YOLO;Performance evaluation;Technological innovation;Computer vision;Heuristic algorithms;Speech recognition;Benchmark testing;YOLOv8;Object Detection;Performance Enhancement;Robustness;Computational Efficiency;Computer Vision Systems},
  doi={10.1109/ADICS58448.2024.10533619}
}
@software{yolo_repo,
author = {Jocher, Glenn and Chaurasia, Ayush and Qiu, Jing},
license = {AGPL-3.0},
month = jan,
title = {{Ultralytics YOLO}},
url = {https://github.com/ultralytics/ultralytics},
version = {8.0.0},
year = {2023}
}

@article{gaze-video-retargeting,
author = {Jain, Eakta and Sheikh, Yaser and Shamir, Ariel and Hodgins, Jessica},
title = {Gaze-Driven Video Re-Editing},
year = {2015},
issue_date = {February 2015},
publisher = {Association for Computing Machinery},
address = {New York, NY, USA},
volume = {34},
number = {2},
issn = {0730-0301},
url = {https://doi.org/10.1145/2699644},
doi = {10.1145/2699644},
journal = {ACM Trans. Graph.},
month = mar,
articleno = {21},
numpages = {12},
keywords = {Perceptually-based algorithms, curve fitting, eyetracking, video editing, video retargeting}
}

@inproceedings{10.1145,
author = {Kr\"{a}henb\"{u}hl, Philipp and Lang, Manuel and Hornung, Alexander and Gross, Markus},
title = {A system for retargeting of streaming video},
year = {2009},
isbn = {9781605588582},
publisher = {Association for Computing Machinery},
booktitle = {ACM SIGGRAPH Asia 2009 Papers},
articleno = {126},
numpages = {10},
keywords = {warping, video retargeting, user study, content-awareness, art-directability, EWA splatting},
location = {Yokohama, Japan},
series = {SIGGRAPH Asia '09}
}

@inproceedings{rachavarapu2018watch,
  title={Watch to edit: Video retargeting using gaze},
  author={Rachavarapu, Kranthi Kumar and Kumar, Moneish and Gandhi, Vineet and Subramanian, Ramanathan},
  booktitle={Computer Graphics Forum},
  volume={37},
  number={2},
  pages={205--215},
  year={2018},
  organization={Wiley Online Library}
}

@inproceedings{ranjan-speaker,
author = {Ranjan, Abhishek and Birnholtz, Jeremy and Balakrishnan, Ravin},
title = {Improving meeting capture by applying television production principles with audio and motion detection},
year = {2008},
isbn = {9781605580111},
publisher = {Association for Computing Machinery},
address = {New York, NY, USA},
url = {https://doi.org/10.1145/1357054.1357095},
doi = {10.1145/1357054.1357095},
booktitle = {Proceedings of the SIGCHI Conference on Human Factors in Computing Systems},
pages = {227–236},
numpages = {10},
keywords = {video, meeting capture, automated camera control},
location = {Florence, Italy},
series = {CHI '08}
}

@article{leake-speaker,
author = {Leake, Mackenzie and Davis, Abe and Truong, Anh and Agrawala, Maneesh},
title = {Computational video editing for dialogue-driven scenes},
year = {2017},
issue_date = {August 2017},
publisher = {Association for Computing Machinery},
address = {New York, NY, USA},
volume = {36},
number = {4},
issn = {0730-0301},
url = {https://doi.org/10.1145/3072959.3073653},
doi = {10.1145/3072959.3073653},
journal = {ACM Trans. Graph.},
month = jul,
articleno = {130},
numpages = {14},
keywords = {video editing}
}

@article{pan2021smart,
  title={Smart director: An event-driven directing system for live broadcasting},
  author={Pan, Yingwei and Chen, Yue and Bao, Qian and Zhang, Ning and Yao, Ting and Liu, Jingen and Mei, Tao},
  journal={ACM Transactions on Multimedia Computing, Communications, and Applications (TOMM)},
  volume={17},
  number={4},
  pages={1--18},
  year={2021},
  publisher={ACM New York, NY}
}

@article{shot-duration,
author = {Cutting, James and Candan Simsek, Ayse},
year = {2015},
month = {12},
pages = {40-52},
title = {Shot Durations, Shot Classes, and the Increased Pace of Popular Movies},
volume = {9},
journal = {Projections},
doi = {10.3167/proj.2015.090204}
}

@article{korbar2023look,
      author    = {Korbar, Bruno and Huh, Jaesung and Zisserman, Andrew},
      title     = {Look, Listen and Recognise: character-aware audio-visual subtitling},
      booktitle = {ICASSP},
      year      = {2024},
}

@InProceedings{Korbar22classification,
  author       = "Bruno Korbar and Andrew Zisserman",
  title        = "Personalised CLIP or: how to find your vacation videos",
  booktitle    = "British Machine Vision Conference",
  year         = "2022",
}


% Saliency Models

@inproceedings{vinet,
  title={Vinet: Pushing the limits of visual modality for audio-visual saliency prediction},
  author={Jain, Samyak and Yarlagadda, Pradeep and Jyoti, Shreyank and Karthik, Shyamgopal and Subramanian, Ramanathan and Gandhi, Vineet},
  booktitle={IROS},
  pages={3520--3527},
  year={2021},
  organization={IEEE}
}

@inproceedings{min2019tased,
  title={Tased-net: Temporally-aggregating spatial encoder-decoder network for video saliency detection},
  author={Min, Kyle and Corso, Jason J},
  booktitle=ICCV,
  pages={2394--2403},
  year={2019}
}

@inproceedings{tsiami2020stavis,
  title={Stavis: Spatio-temporal audiovisual saliency network},
  author={Tsiami, Antigoni and Koutras, Petros and Maragos, Petros},
  booktitle=CVPR,
  pages={4766--4776},
  year={2020}
}

@article{tsfpnet,
  title={Temporal-spatial feature pyramid for video saliency detection},
  author={Chang, Qinyao and Zhu, Shiping},
  journal={arXiv preprint arXiv:2105.04213},
  year={2021}
}

@inproceedings{xiong2023casp,
  title={CASP-Net: Rethinking video saliency prediction from an audio-visual consistency perceptual perspective},
  author={Xiong, Junwen and Wang, Ganglai and Zhang, Peng and Huang, Wei and Zha, Yufei and Zhai, Guangtao},
  booktitle=CVPR,
  pages={6441--6450},
  year={2023}
}

@article{vamnet,
  title={Joint Learning of Audio-Visual Saliency Prediction and Sound Source Localization on Multi-face Videos},
  author={Minglang Qiao and Yufan Liu and Mai Xu and Xin Deng and Bing Li and Weiming Hu and Ali Borji},
  journal=IJCV,
  year={2023},
  volume={132},
  pages={2003-2025}
}

@inproceedings{s3d,
  title={Rethinking spatiotemporal feature learning: Speed-accuracy trade-offs in video classification},
  author={Xie, Saining and Sun, Chen and Huang, Jonathan and Tu, Zhuowen and Murphy, Kevin},
  booktitle=ECCV,
  year={2018}
}

@inproceedings{slowfast,
  title={Slowfast networks for video recognition},
  author={Feichtenhofer, Christoph and Fan, Haoqi and Malik, Jitendra and He, Kaiming},
  booktitle=ICCV,
  pages={6202--6211},
  year={2019}
}

@article{elson2007lightweight,
  title={A lightweight intelligent virtual cinematography system for machinima production},
  booktitle={Proceedings of the AAAI Conference on Artificial Intelligence and Interactive Digital Entertainment},
  author={Elson, David K and Riedl, Mark},
  year={2007}
}

@inproceedings{galvane2015continuity,
  title={Continuity editing for 3D animation},
  author={Galvane, Quentin and Ronfard, R{\'e}mi and Lino, Christophe and Christie, Marc},
  booktitle={Twenty-Ninth AAAI Conference on Artificial Intelligence},
  year={2015}
}

@inproceedings{lino2011computational,
  title={Computational model of film editing for interactive storytelling},
  author={Lino, Christophe and Chollet, Mathieu and Christie, Marc and Ronfard, R{\'e}mi},
  booktitle={International Conference on Interactive Digital Storytelling},
  pages={305--308},
  year={2011},
  organization={Springer}
}

@inproceedings{merabti2016virtual,
  title={A Virtual Director Using Hidden Markov Models},
  author={Merabti, Billal and Christie, Marc and Bouatouch, Kadi},
  booktitle={Computer Graphics Forum},
  volume={35},
  number={8},
  pages={51--67},
  year={2016},
  organization={Wiley Online Library}
}

@article{kao2023toward,
  title={Toward 3d face reconstruction in perspective projection: Estimating 6dof face pose from monocular image},
  author={Kao, Yueying and Pan, Bowen and Xu, Miao and Lyu, Jiangjing and Zhu, Xiangyu and Chang, Yuanzhang and Li, Xiaobo and Lei, Zhen},
  journal={IEEE Transactions on Image Processing},
  volume={32},
  pages={3080--3091},
  year={2023},
  publisher={IEEE}
}

@inproceedings{christianson1996declarative,
  title={Declarative camera control for automatic cinematography},
  author={Christianson, David B and Anderson, Sean E and He, Li-wei and Salesin, David H and Weld, Daniel S and Cohen, Michael F},
  booktitle={AAAI/IAAI, Vol. 1},
  pages={148--155},
  year={1996}
}

@inproceedings{he1996virtual,
  title={The virtual cinematographer: a paradigm for automatic real-time camera control and directing},
  author={He, Li-wei and Cohen, Michael F and Salesin, David H},
  booktitle={Proceedings of the 23rd annual conference on Computer graphics and interactive techniques},
  pages={217--224},
  year={1996},
  organization={ACM}
}

@article{arijon1976grammar,
  title={Grammar of the film language},
  author={Arijon, Daniel},
  year={1976},
  publisher={Silman-James Press}
}

@article{wang2008automatic,
  title={Automatic composition of broadcast sports video},
  author={Wang, Jinjun and Xu, Changsheng and Chng, Engsiong and Lu, Hanqing and Tian, Qi},
  journal={Multimedia Systems},
  volume={14},
  number={4},
  pages={179--193},
  year={2008},
  publisher={Springer}
}

@article{chen2010personalized,
  title={Personalized production of basketball videos from multi-sensored data under limited display resolution},
  author={Chen, Fan and De Vleeschouwer, Christophe},
  journal={Computer Vision and Image Understanding},
  volume={114},
  number={6},
  pages={667--680},
  year={2010},
  publisher={Elsevier}
}

@inproceedings{ChenWHCSG13,
  author    = {Christine Chen and
               Oliver Wang and
               Simon Heinzle and
               Peter Carr and
               Aljoscha Smolic and
               Markus H. Gross},
  title     = {Computational sports broadcasting: Automated director assistance for
               live sports},
  booktitle = {Proceedings of the 2013 {IEEE} International Conference on Multimedia
               and Expo, {ICME} 2013, San Jose, CA, USA, July 15-19, 2013},
  year      = {2013},
}

@inproceedings{chen2018camera,
  title={Camera Selection for Broadcasting Soccer Games},
  author={Chen, Jianhui and Meng, Lili and Little, James J},
  booktitle={2018 IEEE Winter Conference on Applications of Computer Vision (WACV)},
  pages={427--435},
  year={2018},
  organization={IEEE}
}


@inproceedings{Gupta-arxiv-2018, AUTHOR = {Gupta Aryaman, Thakkar Kalpit, Gandhi Vineet and Narayanan P J}, TITLE = {Nose, Eyes and Ears: Head Pose Estimation By Locating Facial Keypoints}, BOOKTITLE = {arXiv:1812.00739}, YEAR = {2018}}

@inproceedings{cao2023observation,
  title={Observation-centric sort: Rethinking sort for robust multi-object tracking},
  author={Cao, Jinkun and Pang, Jiangmiao and Weng, Xinshuo and Khirodkar, Rawal and Kitani, Kris},
  booktitle={Proceedings of the IEEE/CVF conference on computer vision and pattern recognition},
  pages={9686--9696},
  year={2023}
}

@inproceedings{acarnet,
  title={Actor-context-actor relation network for spatio-temporal action localization},
  author={Pan, Junting and Chen, Siyu and Shou, Mike Zheng and Liu, Yu and Shao, Jing and Li, Hongsheng},
  booktitle=CVPR,
  pages={464--474},
  year={2021}
}

@inproceedings{achary2024real,
  title={Real Time GAZED: Online Shot Selection and Editing of Virtual Cameras from Wide-Angle Monocular Video Recordings},
  author={Achary, Sudheer and Girmaji, Rohit and Deshmukh, Adhiraj Anil and Gandhi, Vineet},
  booktitle={Proceedings of the IEEE/CVF Winter Conference on Applications of Computer Vision},
  pages={4108--4116},
  year={2024}
}

@misc{Anthropic_2024, title={The Claude 3 Model Family: Opus, Sonnet, Haiku}, url={https://assets.anthropic.com/m/61e7d27f8c8f5919/original/Claude-3-Model-Card.pdf}, author={Anthropic}, year={2024}, month=jun }