@inproceedings{brandao2022explainability,
  title={Explainability in Multi-Agent Path/Motion Planning: User-study-driven Taxonomy and Requirements.},
  author={Brandao, Martim and Mansouri, Masoumeh and Mohammed, Areeb and Luff, Paul and Coles, Amanda Jane},
  booktitle={AAMAS},
  pages={172--180},
  year={2022}
}

@article{moerel2024selective,
  title={Selective attention and decision-making have separable neural bases in space and time},
  author={Moerel, Denise and Rich, Anina N and Woolgar, Alexandra},
  journal={Journal of Neuroscience},
  volume={44},
  number={38},
  year={2024},
  publisher={Society for Neuroscience}
}

@book{Lam94,
  author = {Leslie Lamport},
  title = {{\LaTeX}: A Document Preparation System},
  publisher = {Addison-Wesley},
  address = {Reading, MA},
  edition = {2nd},
  year = {1994}
}

@article{WoJe95,
  title = {Intelligent Agents: Theory and Practice},
  author = {Wooldridge, Michael J. and Jennings, Nicholas R.},
  journal = {The Knowledge Engineering Review},
  volume = {10},
  number = {2},
  pages = {115--152},
  year = {1995}
}

@article{GrKr96,
  title = {Collaborative Plans for Complex Group Action},
  author = {Grosz, Barbara J. and Kraus, Sarit},
  journal = {Artificial Intelligence},
  volume = {86},
  number = {2},
  pages = {269--357},
  year = {1996}
}

@Techreport{Har78,
  author =       "David Harel",
  year =         "1978",
  title =        "Logics of programs: axiomatics and descriptive power",
  institution =  "Massachusetts Institute of Technology",
  type =         "MIT Research Lab Technical Report",
  number =       "TR-200",
  address =      "Cambridge, MA",
  month =        "",
  note =         ""
}

@Phdthesis{Cla85,
  author =       "Kenneth L. Clarkson",
  year =         "1985",
  title =        "Algorithms for Closest-Point Problems (Computational Geometry)",
  school =       "Stanford University",
  address =      "Palo Alto, CA",
  note =         "UMI Order Number: AAT 8506171",
  type =         "",
  month =        ""
}

@misc{Oba08,
  author        = "Barack Obama",
  year          = "2008",
  title         = "A More Perfect Union",
  howpublished  = "Video",
  day           = "5",
  url           = "http://video.google.com/videoplay?docid=6528042696351994555",
  month         = mar,
  lastaccessed  = "March 21, 2008",
  note          =  ""
}

@misc{Sci09,
  author =       "Joseph Scientist",
  year =         "2009",
  title =        "The fountain of youth",
  note =         "Patent No. 12345, Filed July 1st., 2008, Issued Aug. 9th., 2009",
  url =          "",
  howpublished = "",
  month =        aug,
  lastaccessed = ""
}

@ArtifactDataset{AnMC13,
 author    =  {Sam Anzaroot and Andrew McCallum},
 title     =  {{UMass} Citation Field Extraction Dataset},
 year      = 2013,
 organization = {University of Massachusetts},
 url       =
    {http://www.iesl.cs.umass.edu/data/data-umasscitationfield},
 lastaccessed = {May 27, 2019}
}

@inproceedings{Hag1993,
title        = {Maintaining Discrete Probability Distributions Optimally},
author       = {Hagerup, Torben and Mehlhorn, Kurt and Munro, J. Ian},
booktitle    = {Proceedings of the 20th International Colloquium on Automata, Languages and Programming},
series       = {Lecture Notes in Computer Science},
volume       = {700},
pages        = {253--264},
year         = {1993},
publisher    = {Springer-Verlag},
address      = {Berlin}
}

@Book{Knu97,
  author =       "Donald E. Knuth",
  title =        "The Art of Computer Programming, Vol. 1: Fundamental Algorithms",
  publisher =    "Addison Wesley",
  year =         "1997",
  address =      "Reading, Massachusetts",
  edition =      "3rd",
  editor =       "",
  volume =       "",
  number =       "",
  series =       "",
  month =        "",
  note =         ""
}

@article{gcn,
  title={Semi-supervised classification with graph convolutional networks},
  author={Kipf, Thomas N and Welling, Max},
  journal={arXiv preprint arXiv:1609.02907},
  year={2016}
}

@article{gatv2,
  title={How attentive are graph attention networks?},
  author={Brody, Shaked and Alon, Uri and Yahav, Eran},
  journal={arXiv preprint arXiv:2105.14491},
  year={2021}
}

@MASTERSTHESIS{Ani03,
author = {David A. Anisi},
title = {Optimal Motion Control of a Ground Vehicle},
school = {Royal Institute of Technology (KTH), Stockholm, Sweden},
intitution = {FOI-R-0961-SE, Swedish Defence Research Agency (FOI)},
year = {2003},
}

@INPROCEEDINGS{passageProrok,
  author={Blumenkamp, Jan and Morad, Steven and Gielis, Jennifer and Li, Qingbiao and Prorok, Amanda},
  booktitle={2022 International Conference on Robotics and Automation (ICRA)}, 
  title={A Framework for Real-World Multi-Robot Systems Running Decentralized GNN-Based Policies}, 
  year={2022},
  volume={},
  number={},
  pages={8772-8778},
  keywords={Automation;Robot kinematics;Path planning;Graph neural networks;Behavioral sciences;Multi-robot systems;Task analysis;Multi-Robot Systems;Graph Neural Network;Robot Learning;Sim-to-Real},
  doi={10.1109/ICRA46639.2022.9811744}}

@inproceedings{bettini2022vmas,
  title={Vmas: A vectorized multi-agent simulator for collective robot learning},
  author={Bettini, Matteo and Kortvelesy, Ryan and Blumenkamp, Jan and Prorok, Amanda},
  booktitle={International Symposium on Distributed Autonomous Robotic Systems},
  pages={42--56},
  year={2022},
  organization={Springer}
}

@article{gnnexplainer,
  title={Gnnexplainer: Generating explanations for graph neural networks},
  author={Ying, Zhitao and Bourgeois, Dylan and You, Jiaxuan and Zitnik, Marinka and Leskovec, Jure},
  journal={Advances in neural information processing systems},
  volume={32},
  year={2019}
}

@inproceedings{
graphmask,
title={Interpreting Graph Neural Networks for {\{}NLP{\}} With Differentiable Edge Masking},
author={Michael Sejr Schlichtkrull and Nicola De Cao and Ivan Titov},
booktitle={International Conference on Learning Representations},
year={2021},
url={https://openreview.net/forum?id=WznmQa42ZAx}
}

@inproceedings{amara2022graphframex,
  title={GraphFramEx: Towards Systematic Evaluation of Explainability Methods for Graph Neural Networks},
  author={Amara, Kenza and Ying, Zhitao and Zhang, Zitao and Han, Zhichao and Zhao, Yang and Shan, Yinan and Brandes, Ulrik and Schemm, Sebastian and Zhang, Ce},
  booktitle={Learning on Graphs Conference},
  pages={44--1},
  year={2022},
  organization={PMLR}
}

@article{agarwal2023evaluating,
  title={Evaluating explainability for graph neural networks},
  author={Agarwal, Chirag and Queen, Owen and Lakkaraju, Himabindu and Zitnik, Marinka},
  journal={Scientific Data},
  volume={10},
  number={1},
  pages={144},
  year={2023},
  publisher={Nature Publishing Group UK London}
}

@inproceedings{kosangnnx,
  title={GNNX-BENCH: Unravelling the Utility of Perturbation-based GNN Explainers through In-depth Benchmarking},
  author={Kosan, Mert and Verma, Samidha and Armgaan, Burouj and Pahwa, Khushbu and Singh, Ambuj and Medya, Sourav and Ranu, Sayan},
  booktitle={The Twelfth International Conference on Learning Representations}
}

@article{liu2021dig,
  title={DIG: A turnkey library for diving into graph deep learning research},
  author={Liu, Meng and Luo, Youzhi and Wang, Limei and Xie, Yaochen and Yuan, Hao and Gui, Shurui and Yu, Haiyang and Xu, Zhao and Zhang, Jingtun and Liu, Yi and others},
  journal={Journal of Machine Learning Research},
  volume={22},
  number={240},
  pages={1--9},
  year={2021}
}

@inproceedings{Fey/Lenssen/2019,
  title={Fast Graph Representation Learning with {PyTorch Geometric}},
  author={Fey, Matthias and Lenssen, Jan E.},
  booktitle={ICLR Workshop on Representation Learning on Graphs and Manifolds},
  year={2019},
}

@inproceedings{pope2019explainability,
  title={Explainability methods for graph convolutional neural networks},
  author={Pope, Phillip E and Kolouri, Soheil and Rostami, Mohammad and Martin, Charles E and Hoffmann, Heiko},
  booktitle={Proceedings of the IEEE/CVF conference on computer vision and pattern recognition},
  pages={10772--10781},
  year={2019}
}

@article{bajaj2021robust,
  title={Robust counterfactual explanations on graph neural networks},
  author={Bajaj, Mohit and Chu, Lingyang and Xue, Zi Yu and Pei, Jian and Wang, Lanjun and Lam, Peter Cho-Ho and Zhang, Yong},
  journal={Advances in Neural Information Processing Systems},
  volume={34},
  pages={5644--5655},
  year={2021}
}

@article{yuan2022explainability,
  title={Explainability in graph neural networks: A taxonomic survey},
  author={Yuan, Hao and Yu, Haiyang and Gui, Shurui and Ji, Shuiwang},
  journal={IEEE transactions on pattern analysis and machine intelligence},
  volume={45},
  number={5},
  pages={5782--5799},
  year={2022},
  publisher={IEEE}
}

@article{collab-perception,
  title={Multi-robot collaborative perception with graph neural networks},
  author={Zhou, Yang and Xiao, Jiuhong and Zhou, Yue and Loianno, Giuseppe},
  journal={IEEE Robotics and Automation Letters},
  volume={7},
  number={2},
  pages={2289--2296},
  year={2022},
  publisher={IEEE}
}

@article{gat-auto-drive,
  title={DQ-GAT: Towards safe and efficient autonomous driving with deep Q-learning and graph attention networks},
  author={Cai, Peide and Wang, Hengli and Sun, Yuxiang and Liu, Ming},
  journal={IEEE Transactions on Intelligent Transportation Systems},
  volume={23},
  number={11},
  pages={21102--21112},
  year={2022},
  publisher={IEEE}
}

@inproceedings{coverage-control,
  title={Coverage control in multi-robot systems via graph neural networks},
  author={Gosrich, Walker and Mayya, Siddharth and Li, Rebecca and Paulos, James and Yim, Mark and Ribeiro, Alejandro and Kumar, Vijay},
  booktitle={2022 International Conference on Robotics and Automation (ICRA)},
  pages={8787--8793},
  year={2022},
  organization={IEEE}
}

@inproceedings{porok-path-plan,
  title={Graph neural networks for decentralized multi-robot path planning},
  author={Li, Qingbiao and Gama, Fernando and Ribeiro, Alejandro and Prorok, Amanda},
  booktitle={2020 IEEE/RSJ international conference on intelligent robots and systems (IROS)},
  pages={11785--11792},
  year={2020},
  organization={IEEE}
}

@article{magat,
  title={Message-aware graph attention networks for large-scale multi-robot path planning},
  author={Li, Qingbiao and Lin, Weizhe and Liu, Zhe and Prorok, Amanda},
  journal={IEEE Robotics and Automation Letters},
  volume={6},
  number={3},
  pages={5533--5540},
  year={2021},
  publisher={IEEE}
}

@inproceedings{coordination-graphs,
  title={Deep Implicit Coordination Graphs for Multi-agent Reinforcement Learning},
  author={Li, Sheng and Gupta, Jayesh K and Morales, Peter and Allen, Ross and Kochenderfer, Mykel J},
  booktitle={Proceedings of the 20th International Conference on Autonomous Agents and MultiAgent Systems},
  pages={764--772},
  year={2021}
}

@inproceedings{nayak2023scalable,
  title={Scalable multi-agent reinforcement learning through intelligent information aggregation},
  author={Nayak, Siddharth and Choi, Kenneth and Ding, Wenqi and Dolan, Sydney and Gopalakrishnan, Karthik and Balakrishnan, Hamsa},
  booktitle={International Conference on Machine Learning},
  pages={25817--25833},
  year={2023},
  organization={PMLR}
}

@article{yu2022surprising,
  title={The surprising effectiveness of ppo in cooperative multi-agent games},
  author={Yu, Chao and Velu, Akash and Vinitsky, Eugene and Gao, Jiaxuan and Wang, Yu and Bayen, Alexandre and Wu, Yi},
  journal={Advances in Neural Information Processing Systems},
  volume={35},
  pages={24611--24624},
  year={2022}
}

@inproceedings{blumenkamp2021emergence,
  title={The emergence of adversarial communication in multi-agent reinforcement learning},
  author={Blumenkamp, Jan and Prorok, Amanda},
  booktitle={Conference on Robot Learning},
  pages={1394--1414},
  year={2021},
  organization={PMLR}
}

@inproceedings{yang2023learning,
  title={Learning Graph-Enhanced Commander-Executor for Multi-Agent Navigation},
  author={Yang, Xinyi and Huang, Shiyu and Sun, Yiwen and Yang, Yuxiang and Yu, Chao and Tu, Wei-Wei and Yang, Huazhong and Wang, Yu},
  booktitle={Proceedings of the 2023 International Conference on Autonomous Agents and Multiagent Systems},
  pages={1652--1660},
  year={2023}
}

@article{he2023multi,
  title={Multi-robot Navigation with Graph Attention Neural Network and Hierarchical Motion Planning},
  author={He, Xiaonan and Shi, Xiaojun and Hu, Jiaxiang and Wang, Yingxin},
  journal={Journal of Intelligent \& Robotic Systems},
  volume={109},
  number={2},
  pages={25},
  year={2023},
  publisher={Springer}
}
@inproceedings{escudie2024attention,
  title={Attention Graph for Multi-Robot Social Navigation with Deep Reinforcement Learning},
  author={Escudie, Erwan and Matignon, La{\"e}titia and Saraydaryan, Jacques},
  booktitle={AAMAS 2024-International Conference on Autonomous Agents and Multi-Agent Systems},
  year={2024}
}

@inproceedings{Schulmanetal_ICLR2016,
title = {High-Dimensional Continuous Control Using Generalized Advantage Estimation},
author = {John Schulman and Philipp Moritz and Sergey Levine and Michael Jordan and Pieter Abbeel},
booktitle = {Proceedings of the International Conference on Learning Representations (ICLR)},
year  = 2016
}

@article{kingma2014adam,
  title={Adam: A method for stochastic optimization},
  author={Kingma, Diederik P},
  journal={arXiv preprint arXiv:1412.6980},
  year={2014}
}

@article{paszke2019pytorch,
  title={Pytorch: An imperative style, high-performance deep learning library},
  author={Paszke, Adam and Gross, Sam and Massa, Francisco and Lerer, Adam and Bradbury, James and Chanan, Gregory and Killeen, Trevor and Lin, Zeming and Gimelshein, Natalia and Antiga, Luca and others},
  journal={Advances in neural information processing systems},
  volume={32},
  year={2019}
}

@article{schulman2017proximal,
  title={Proximal policy optimization algorithms},
  author={Schulman, John and Wolski, Filip and Dhariwal, Prafulla and Radford, Alec and Klimov, Oleg},
  journal={arXiv preprint arXiv:1707.06347},
  year={2017}
}

@inproceedings{gervens2022graph,
  title={Graph Similarity Based on Matrix Norms},
  author={Gervens, Timo and Grohe, Martin},
  booktitle={47th International Symposium on Mathematical Foundations of Computer Science},
  year={2022}
}

@inproceedings{yugraph,
  title={Graph Information Bottleneck for Subgraph Recognition},
  author={Yu, Junchi and Xu, Tingyang and Rong, Yu and Bian, Yatao and Huang, Junzhou and He, Ran},
  booktitle={International Conference on Learning Representations}
}

@article{mcshane1937jensen,
  title={Jensen's inequality},
  author={McShane, Edward James},
  year={1937}
}

@article{luo2020parameterized,
  title={Parameterized explainer for graph neural network},
  author={Luo, Dongsheng and Cheng, Wei and Xu, Dongkuan and Yu, Wenchao and Zong, Bo and Chen, Haifeng and Zhang, Xiang},
  journal={Advances in neural information processing systems},
  volume={33},
  pages={19620--19631},
  year={2020}
}

@article{vu2020pgm,
  title={Pgm-explainer: Probabilistic graphical model explanations for graph neural networks},
  author={Vu, Minh and Thai, My T},
  journal={Advances in neural information processing systems},
  volume={33},
  pages={12225--12235},
  year={2020}
}

@inproceedings{yuan2020xgnn,
  title={Xgnn: Towards model-level explanations of graph neural networks},
  author={Yuan, Hao and Tang, Jiliang and Hu, Xia and Ji, Shuiwang},
  booktitle={Proceedings of the 26th ACM SIGKDD international conference on knowledge discovery \& data mining},
  pages={430--438},
  year={2020}
}

@inproceedings{lucic2022cf,
  title={Cf-gnnexplainer: Counterfactual explanations for graph neural networks},
  author={Lucic, Ana and Ter Hoeve, Maartje A and Tolomei, Gabriele and De Rijke, Maarten and Silvestri, Fabrizio},
  booktitle={International Conference on Artificial Intelligence and Statistics},
  pages={4499--4511},
  year={2022},
  organization={PMLR}
}

@article{debnath1991structure,
  title={Structure-activity relationship of mutagenic aromatic and heteroaromatic nitro compounds. correlation with molecular orbital energies and hydrophobicity},
  author={Debnath, Asim Kumar and Lopez de Compadre, Rosa L and Debnath, Gargi and Shusterman, Alan J and Hansch, Corwin},
  journal={Journal of medicinal chemistry},
  volume={34},
  number={2},
  pages={786--797},
  year={1991},
  publisher={ACS Publications}
}

@inproceedings{kraus2020ai,
  title={AI for explaining decisions in multi-agent environments},
  author={Kraus, Sarit and Azaria, Amos and Fiosina, Jelena and Greve, Maike and Hazon, Noam and Kolbe, Lutz and Lembcke, Tim-Benjamin and Muller, Jorg P and Schleibaum, Soren and Vollrath, Mark},
  booktitle={Proceedings of the AAAI conference on artificial intelligence},
  volume={34},
  number={09},
  pages={13534--13538},
  year={2020}
}

@inproceedings{boggess2023explainable,
  title={Explainable Multi-Agent Reinforcement Learning for Temporal Queries},
  author={Boggess, Kayla and Kraus, Sarit and Feng, Lu},
  booktitle={Proceedings of the Thirty-Second International Joint Conference on Artificial Intelligence (IJCAI)},
  year={2023}
}

@inproceedings{boggess2022toward,
  title={Toward Policy Explanations for Multi-Agent Reinforcement Learning},
  author={Boggess, K and Kraus, S and Feng, L},
  booktitle={International Joint Conference on Artificial Intelligence (IJCAI)},
  year={2022}
}

@inproceedings{pandya2024multi,
  title={Multi-agent strategy explanations for human-robot collaboration},
  author={Pandya, Ravi and Zhao, Michelle and Liu, Changliu and Simmons, Reid and Admoni, Henny},
  booktitle={2024 IEEE International Conference on Robotics and Automation (ICRA)},
  pages={17351--17357},
  year={2024},
  organization={IEEE}
}

@inproceedings{almagor2020explainable,
  title={Explainable multi agent path finding},
  author={Almagor, Shaull and Lahijanian, Morteza},
  booktitle={AAMAS},
  year={2020}
}

@article{kottingerexplainable,
  title={Explainable Multi-Agent Motion Planning},
  author={Kottinger, Justin and Almagor, Shaull and Lahijanian, Morteza}
}

@inproceedings{kottinger2022conflict,
  title={Conflict-based search for explainable multi-agent path finding},
  author={Kottinger, Justin and Almagor, Shaull and Lahijanian, Morteza},
  booktitle={Proceedings of the International Conference on Automated Planning and Scheduling},
  volume={32},
  pages={692--700},
  year={2022}
}

@article{wu2020comprehensive,
  title={A comprehensive survey on graph neural networks},
  author={Wu, Zonghan and Pan, Shirui and Chen, Fengwen and Long, Guodong and Zhang, Chengqi and Philip, S Yu},
  journal={IEEE transactions on neural networks and learning systems},
  volume={32},
  number={1},
  pages={4--24},
  year={2020},
  publisher={IEEE}
}

@inproceedings{ji2021decentralized,
  title={Decentralized, unlabeled multi-agent navigation in obstacle-rich environments using graph neural networks},
  author={Ji, Xuebo and Li, He and Pan, Zherong and Gao, Xifeng and Tu, Changhe},
  booktitle={2021 IEEE/RSJ International Conference on Intelligent Robots and Systems (IROS)},
  pages={8936--8943},
  year={2021},
  organization={IEEE}
}

@article{sheng2022learning,
  title={Learning structured communication for multi-agent reinforcement learning},
  author={Sheng, Junjie and Wang, Xiangfeng and Jin, Bo and Yan, Junchi and Li, Wenhao and Chang, Tsung-Hui and Wang, Jun and Zha, Hongyuan},
  journal={Autonomous Agents and Multi-Agent Systems},
  volume={36},
  number={2},
  pages={50},
  year={2022},
  publisher={Springer}
}

@article{reiser2022graph,
  title={Graph neural networks for materials science and chemistry},
  author={Reiser, Patrick and Neubert, Marlen and Eberhard, Andr{\'e} and Torresi, Luca and Zhou, Chen and Shao, Chen and Metni, Houssam and van Hoesel, Clint and Schopmans, Henrik and Sommer, Timo and others},
  journal={Communications Materials},
  volume={3},
  number={1},
  pages={93},
  year={2022},
  publisher={Nature Publishing Group UK London}
}

@article{yang2021predicting,
  title={Predicting chemical shifts with graph neural networks},
  author={Yang, Ziyue and Chakraborty, Maghesree and White, Andrew D},
  journal={Chemical science},
  volume={12},
  number={32},
  pages={10802--10809},
  year={2021},
  publisher={Royal Society of Chemistry}
}

@article{bettini2024benchmarl,
  author  = {Matteo Bettini and Amanda Prorok and Vincent Moens},
  title   = {BenchMARL: Benchmarking Multi-Agent Reinforcement Learning},
  journal = {Journal of Machine Learning Research},
  year    = {2024},
  volume  = {25},
  number  = {217},
  pages   = {1--10},
  url     = {http://jmlr.org/papers/v25/23-1612.html}
}






























@inproceedings{langley00,
 author    = {P. Langley},
 title     = {Crafting Papers on Machine Learning},
 year      = {2000},
 pages     = {1207--1216},
 editor    = {Pat Langley},
 booktitle     = {Proceedings of the 17th International Conference
              on Machine Learning (ICML 2000)},
 address   = {Stanford, CA},
 publisher = {Morgan Kaufmann}
}

@TechReport{mitchell80,
  author = 	 "T. M. Mitchell",
  title = 	 "The Need for Biases in Learning Generalizations",
  institution =  "Computer Science Department, Rutgers University",
  year = 	 "1980",
  address =	 "New Brunswick, MA",
}

@phdthesis{kearns89,
  author = {M. J. Kearns},
  title =  {Computational Complexity of Machine Learning},
  school = {Department of Computer Science, Harvard University},
  year =   {1989}
}

@Book{MachineLearningI,
  editor = 	 "R. S. Michalski and J. G. Carbonell and T.
		  M. Mitchell",
  title = 	 "Machine Learning: An Artificial Intelligence
		  Approach, Vol. I",
  publisher = 	 "Tioga",
  year = 	 "1983",
  address =	 "Palo Alto, CA"
}

@Book{DudaHart2nd,
  author =       "R. O. Duda and P. E. Hart and D. G. Stork",
  title =        "Pattern Classification",
  publisher =    "John Wiley and Sons",
  edition =      "2nd",
  year =         "2000"
}

@misc{anonymous,
  title= {Suppressed for Anonymity},
  author= {Author, N. N.},
  year= {2021}
}

@InCollection{Newell81,
  author =       "A. Newell and P. S. Rosenbloom",
  title =        "Mechanisms of Skill Acquisition and the Law of
                  Practice", 
  booktitle =    "Cognitive Skills and Their Acquisition",
  pages =        "1--51",
  publisher =    "Lawrence Erlbaum Associates, Inc.",
  year =         "1981",
  editor =       "J. R. Anderson",
  chapter =      "1",
  address =      "Hillsdale, NJ"
}


@Article{Samuel59,
  author = 	 "A. L. Samuel",
  title = 	 "Some Studies in Machine Learning Using the Game of
		  Checkers",
  journal =	 "IBM Journal of Research and Development",
  year =	 "1959",
  volume =	 "3",
  number =	 "3",
  pages =	 "211--229"
}

@inproceedings{
        yu2022learning,
        title={Learning Control Admissibility Models with Graph Neural Networks for Multi-Agent Navigation},
        author={Chenning Yu and Hongzhan Yu and Sicun Gao},
        booktitle={6th Annual Conference on Robot Learning},
        year={2022},
        url={https://openreview.net/forum?id=xC-68ANJeK_}
        }

@article{hu2023graph,
  title={Graph soft actor--critic reinforcement learning for large-scale distributed multirobot coordination},
  author={Hu, Yifan and Fu, Junjie and Wen, Guanghui},
  journal={IEEE transactions on neural networks and learning systems},
  year={2023},
  publisher={IEEE}
}

@article{yang2023masp,
  title={MASP: Scalable GNN-based Planning for Multi-Agent Navigation},
  author={Yang, Xinyi and Yang, Xinting and Yu, Chao and Chen, Jiayu and Yang, Huazhong and Wang, Yu},
  journal={arXiv preprint arXiv:2312.02522},
  year={2023}
}
