@inproceedings{almagor2020explainable,
  title={Explainable multi agent path finding},
  author={Almagor, Shaull and Lahijanian, Morteza},
  booktitle={AAMAS},
  year={2020}
}

@inproceedings{boggess2022toward,
  title={Toward Policy Explanations for Multi-Agent Reinforcement Learning},
  author={Boggess, K and Kraus, S and Feng, L},
  booktitle={International Joint Conference on Artificial Intelligence (IJCAI)},
  year={2022}
}

@inproceedings{boggess2023explainable,
  title={Explainable Multi-Agent Reinforcement Learning for Temporal Queries},
  author={Boggess, Kayla and Kraus, Sarit and Feng, Lu},
  booktitle={Proceedings of the Thirty-Second International Joint Conference on Artificial Intelligence (IJCAI)},
  year={2023}
}

@inproceedings{brandao2022explainability,
  title={Explainability in Multi-Agent Path/Motion Planning: User-study-driven Taxonomy and Requirements.},
  author={Brandao, Martim and Mansouri, Masoumeh and Mohammed, Areeb and Luff, Paul and Coles, Amanda Jane},
  booktitle={AAMAS},
  pages={172--180},
  year={2022}
}

@inproceedings{coordination-graphs,
  title={Deep Implicit Coordination Graphs for Multi-agent Reinforcement Learning},
  author={Li, Sheng and Gupta, Jayesh K and Morales, Peter and Allen, Ross and Kochenderfer, Mykel J},
  booktitle={Proceedings of the 20th International Conference on Autonomous Agents and MultiAgent Systems},
  pages={764--772},
  year={2021}
}

@inproceedings{coverage-control,
  title={Coverage control in multi-robot systems via graph neural networks},
  author={Gosrich, Walker and Mayya, Siddharth and Li, Rebecca and Paulos, James and Yim, Mark and Ribeiro, Alejandro and Kumar, Vijay},
  booktitle={2022 International Conference on Robotics and Automation (ICRA)},
  pages={8787--8793},
  year={2022},
  organization={IEEE}
}

@article{gat-auto-drive,
  title={DQ-GAT: Towards safe and efficient autonomous driving with deep Q-learning and graph attention networks},
  author={Cai, Peide and Wang, Hengli and Sun, Yuxiang and Liu, Ming},
  journal={IEEE Transactions on Intelligent Transportation Systems},
  volume={23},
  number={11},
  pages={21102--21112},
  year={2022},
  publisher={IEEE}
}

@inproceedings{kottinger2022conflict,
  title={Conflict-based search for explainable multi-agent path finding},
  author={Kottinger, Justin and Almagor, Shaull and Lahijanian, Morteza},
  booktitle={Proceedings of the International Conference on Automated Planning and Scheduling},
  volume={32},
  pages={692--700},
  year={2022}
}

@article{kottingerexplainable,
  title={Explainable Multi-Agent Motion Planning},
  author={Kottinger, Justin and Almagor, Shaull and Lahijanian, Morteza}
}

@inproceedings{kraus2020ai,
  title={AI for explaining decisions in multi-agent environments},
  author={Kraus, Sarit and Azaria, Amos and Fiosina, Jelena and Greve, Maike and Hazon, Noam and Kolbe, Lutz and Lembcke, Tim-Benjamin and Muller, Jorg P and Schleibaum, Soren and Vollrath, Mark},
  booktitle={Proceedings of the AAAI conference on artificial intelligence},
  volume={34},
  number={09},
  pages={13534--13538},
  year={2020}
}

@article{magat,
  title={Message-aware graph attention networks for large-scale multi-robot path planning},
  author={Li, Qingbiao and Lin, Weizhe and Liu, Zhe and Prorok, Amanda},
  journal={IEEE Robotics and Automation Letters},
  volume={6},
  number={3},
  pages={5533--5540},
  year={2021},
  publisher={IEEE}
}

@inproceedings{pandya2024multi,
  title={Multi-agent strategy explanations for human-robot collaboration},
  author={Pandya, Ravi and Zhao, Michelle and Liu, Changliu and Simmons, Reid and Admoni, Henny},
  booktitle={2024 IEEE International Conference on Robotics and Automation (ICRA)},
  pages={17351--17357},
  year={2024},
  organization={IEEE}
}

@INPROCEEDINGS{passageProrok,
  author={Blumenkamp, Jan and Morad, Steven and Gielis, Jennifer and Li, Qingbiao and Prorok, Amanda},
  booktitle={2022 International Conference on Robotics and Automation (ICRA)}, 
  title={A Framework for Real-World Multi-Robot Systems Running Decentralized GNN-Based Policies}, 
  year={2022},
  volume={},
  number={},
  pages={8772-8778},
  keywords={Automation;Robot kinematics;Path planning;Graph neural networks;Behavioral sciences;Multi-robot systems;Task analysis;Multi-Robot Systems;Graph Neural Network;Robot Learning;Sim-to-Real},
  doi={10.1109/ICRA46639.2022.9811744}}

@inproceedings{porok-path-plan,
  title={Graph neural networks for decentralized multi-robot path planning},
  author={Li, Qingbiao and Gama, Fernando and Ribeiro, Alejandro and Prorok, Amanda},
  booktitle={2020 IEEE/RSJ international conference on intelligent robots and systems (IROS)},
  pages={11785--11792},
  year={2020},
  organization={IEEE}
}

