@ARTICLE{9714837,
  author={Lu, Jingpei and Richter, Florian and Yip, Michael C.},
  journal={IEEE Robotics and Automation Letters}, 
  title={Pose Estimation for Robot Manipulators via Keypoint Optimization and Sim-to-Real Transfer}, 
  year={2022},
  volume={7},
  number={2},
  pages={4622-4629},
  keywords={Robots;Three-dimensional displays;Pose estimation;Visualization;Training;Optimization;Location awareness;Visual tracking;deep learning for visual perception;perception for grasping and manipulation},
  doi={10.1109/LRA.2022.3151981}}

@article{allan20183,
  title={3-D pose estimation of articulated instruments in robotic minimally invasive surgery},
  author={Allan, Max and Ourselin, S{\'e}bastien and Hawkes, David J and Kelly, John D and Stoyanov, Danail},
  journal={IEEE transactions on medical imaging},
  volume={37},
  number={5},
  pages={1204--1213},
  year={2018},
  publisher={IEEE}
}

@inproceedings{andriluka2018posetrack,
  title={Posetrack: A benchmark for human pose estimation and tracking},
  author={Andriluka, Mykhaylo and Iqbal, Umar and Insafutdinov, Eldar and Pishchulin, Leonid and Milan, Anton and Gall, Juergen and Schiele, Bernt},
  booktitle={Proceedings of the IEEE conference on computer vision and pattern recognition},
  pages={5167--5176},
  year={2018}
}

@article{bodenstedt2018comparative,
  title={Comparative evaluation of instrument segmentation and tracking methods in minimally invasive surgery},
  author={Bodenstedt, Sebastian and Allan, Max and Agustinos, Anthony and Du, Xiaofei and Garcia-Peraza-Herrera, Luis and Kenngott, Hannes and Kurmann, Thomas and M{\"u}ller-Stich, Beat and Ourselin, Sebastien and Pakhomov, Daniil and others},
  journal={arXiv preprint arXiv:1805.02475},
  year={2018}
}

@article{du2018articulated,
  title={Articulated multi-instrument 2-D pose estimation using fully convolutional networks},
  author={Du, Xiaofei and Kurmann, Thomas and Chang, Ping-Lin and Allan, Maximilian and Ourselin, Sebastien and Sznitman, Raphael and Kelly, John D and Stoyanov, Danail},
  journal={IEEE transactions on medical imaging},
  volume={37},
  number={5},
  pages={1276--1287},
  year={2018},
  publisher={IEEE}
}

@inproceedings{hampali2022keypoint,
  title={Keypoint transformer: Solving joint identification in challenging hands and object interactions for accurate 3d pose estimation},
  author={Hampali, Shreyas and Sarkar, Sayan Deb and Rad, Mahdi and Lepetit, Vincent},
  booktitle={Proceedings of the IEEE/CVF Conference on Computer Vision and Pattern Recognition},
  pages={11090--11100},
  year={2022}
}

@inproceedings{kayhan2021deep,
  title={Deep attention based semi-supervised 2d-pose estimation for surgical instruments},
  author={Kayhan, Mert and K{\"o}p{\"u}kl{\"u}, Okan and Sarhan, Mhd Hasan and Yigitsoy, Mehmet and Eslami, Abouzar and Rigoll, Gerhard},
  booktitle={Pattern Recognition. ICPR International Workshops and Challenges: Virtual Event, January 10--15, 2021, Proceedings, Part I},
  pages={444--460},
  year={2021},
  organization={Springer}
}

@inproceedings{kurmann2017simultaneous,
  title={Simultaneous recognition and pose estimation of instruments in minimally invasive surgery},
  author={Kurmann, Thomas and Marquez Neila, Pablo and Du, Xiaofei and Fua, Pascal and Stoyanov, Danail and Wolf, Sebastian and Sznitman, Raphael},
  booktitle={Medical Image Computing and Computer-Assisted Intervention- MICCAI 2017: 20th International Conference, Quebec City, QC, Canada, September 11-13, 2017, Proceedings, Part II 20},
  pages={505--513},
  year={2017},
  organization={Springer}
}

@inproceedings{li2022multi,
  title={Multi-task Semi-supervised Learning Framework for Surgical Instrument Pose Estimation},
  author={Li, Bo and Li, Song and Yang, Jie},
  booktitle={Proceedings of the 8th International Conference on Computing and Artificial Intelligence},
  pages={698--704},
  year={2022}
}

@misc{phakir2024rueckert,
  author = {Tobias Rueckert},
  title = {PhaKIR - Challenge:
Phase, Keypoint and Instrument Recognition},
  year = {2024},
  note = {2024 MICCAI Endoscopic Vision Challenge},
  url = {https://phakir.re-mic.de/}
}

@article{reiter2012articulated,
  title={Articulated surgical tool detection using virtually-rendered templates},
  author={Reiter, Austin and Allen, Peter K and Zhao, Tao},
  booktitle={Computer assisted radiology and surgery (CARS)},
  pages={1--8},
  year={2012}
}

@article{reiter2014appearance,
  title={Appearance learning for 3d tracking of robotic surgical tools},
  author={Reiter, Austin and Allen, Peter K and Zhao, Tao},
  journal={The International Journal of Robotics Research},
  volume={33},
  number={2},
  pages={342--356},
  year={2014},
  publisher={SAGE Publications Sage UK: London, England}
}

@inproceedings{schmidt2023sendd,
  title={Sendd: Sparse efficient neural depth and deformation for tissue tracking},
  author={Schmidt, Adam and Mohareri, Omid and DiMaio, Simon and Salcudean, Septimiu E},
  booktitle={International Conference on Medical Image Computing and Computer-Assisted Intervention},
  pages={238--248},
  year={2023},
  organization={Springer}
}

@article{schmidt2024surgical,
  title={Surgical Tattoos in Infrared: A Dataset for Quantifying Tissue Tracking and Mapping},
  author={Schmidt, Adam and Mohareri, Omid and DiMaio, Simon and Salcudean, Septimiu E},
  journal={IEEE Transactions on Medical Imaging},
  year={2024},
  publisher={IEEE}
}

@misc{surgripe2024xu,
  author = {Haozheng Xu},
  title = {Surgical Robot Instrument Pose Estimation ({SurgRIPE})},
  year = {2023},
  note = {2023 MICCAI Endoscopic Vision Challenge},
  url = {https://www.synapse.org/Synapse:syn51471789/wiki/622265}
}

@inproceedings{sznitman2012data,
  title={Data-driven visual tracking in retinal microsurgery},
  author={Sznitman, Raphael and Ali, Karim and Richa, Rog{\'e}rio and Taylor, Russell H and Hager, Gregory D and Fua, Pascal},
  booktitle={Medical Image Computing and Computer-Assisted Intervention--MICCAI 2012: 15th International Conference, Nice, France, October 1-5, 2012, Proceedings, Part II 15},
  pages={568--575},
  year={2012},
  organization={Springer}
}

@inproceedings{thananjeyan2022all,
  title={All you need is {LUV}: Unsupervised collection of labeled images using {UV}-fluorescent markings},
  author={Thananjeyan, Brijen and Kerr, Justin and Huang, Huang and Gonzalez, Joseph E and Goldberg, Ken},
  booktitle={2022 IEEE/RSJ International Conference on Intelligent Robots and Systems (IROS)},
  pages={3241--3248},
  year={2022},
  organization={IEEE}
}

@article{wu2024real,
  title={Real-time Surgical Instrument Segmentation in Video Using Point Tracking and Segment Anything},
  author={Wu, Zijian and Schmidt, Adam and Kazanzides, Peter and Salcudean, Septimiu E},
  journal={arXiv preprint arXiv:2403.08003},
  year={2024}
}

@article{yang2022apt,
  title={Apt-36k: A large-scale benchmark for animal pose estimation and tracking},
  author={Yang, Yuxiang and Yang, Junjie and Xu, Yufei and Zhang, Jing and Lan, Long and Tao, Dacheng},
  journal={Advances in Neural Information Processing Systems},
  volume={35},
  pages={17301--17313},
  year={2022}
}

@inproceedings{ye2016real,
  title={Real-time 3d tracking of articulated tools for robotic surgery},
  author={Ye, Menglong and Zhang, Lin and Giannarou, Stamatia and Yang, Guang-Zhong},
  booktitle={Medical Image Computing and Computer-Assisted Intervention--MICCAI 2016: 19th International Conference, Athens, Greece, October 17-21, 2016, Proceedings, Part I 19},
  pages={386--394},
  year={2016},
  organization={Springer}
}

@article{zhao2019real,
  title={Real-time surgical instrument detection in robot-assisted surgery using a convolutional neural network cascade},
  author={Zhao, Zijian and Cai, Tongbiao and Chang, Faliang and Cheng, Xiaolin},
  journal={Healthcare technology letters},
  volume={6},
  number={6},
  pages={275--279},
  year={2019},
  publisher={Wiley Online Library}
}

