@article{kockerling2014robotic,
  title={Robotic vs. standard laparoscopic technique--what is better?},
  author={K{\"o}ckerling, Ferdinand},
  journal={Frontiers in surgery},
  volume={1},
  pages={15},
  year={2014},
  publisher={Frontiers Media SA}
}
@article{kalia2021preclinical,
  title={Preclinical evaluation of a markerless, real-time, augmented reality guidance system for robot-assisted radical prostatectomy},
  author={Kalia, Megha and Avinash, Apeksha and Navab, Nassir and Salcudean, Septimiu},
  journal={International Journal of Computer Assisted Radiology and Surgery},
  volume={16},
  number={7},
  pages={1181--1188},
  year={2021},
  publisher={Springer}
}

@article{kim2024surgical,
  title={Surgical robot transformer (srt): Imitation learning for surgical tasks},
  author={Kim, Ji Woong and Zhao, Tony Z and Schmidgall, Samuel and Deguet, Anton and Kobilarov, Marin and Finn, Chelsea and Krieger, Axel},
  journal={arXiv preprint arXiv:2407.12998},
  year={2024}
}

@INPROCEEDINGS{9217086,
  author={Molnár, Cecília and Nagy, Tamás D. and Elek, Renáta Nagyné and Haidegger, Tamás},
  booktitle={2020 IEEE 18th International Symposium on Intelligent Systems and Informatics (SISY)}, 
  title={Visual servoing-based camera control for the {da Vinci Surgical System}}, 
  year={2020},
  volume={},
  number={},
  pages={107-112},
  keywords={Cameras;Visual servoing;Electronic countermeasures;Three-dimensional displays;Surgery;Robot-Assisted Minimally Invasive Surgery;Surgical Robotics;Visual Servoing;Subtask Automation;Open-Source},
  doi={10.1109/SISY50555.2020.9217086}}

@article{song2024arc,
  title={Arc-to-line frame registration method for ultrasound and photoacoustic image-guided intraoperative robot-assisted laparoscopic prostatectomy},
  author={Song, Hyunwoo and Yang, Shuojue and Wu, Zijian and Moradi, Hamid and Taylor, Russell H and Kang, Jin U and Salcudean, Septimiu E and Boctor, Emad M},
  journal={International Journal of Computer Assisted Radiology and Surgery},
  volume={19},
  number={2},
  pages={199--208},
  year={2024},
  publisher={Springer}
}

@article{wu2023automatic,
  title={Automatic search for photoacoustic marker using automated transrectal ultrasound},
  author={Wu, Zijian and Moradi, Hamid and Yang, Shuojue and Song, Hyunwoo and Boctor, Emad M and Salcudean, Septimiu E},
  journal={Biomedical Optics Express},
  volume={14},
  number={11},
  pages={6016--6030},
  year={2023},
  publisher={Optica Publishing Group}
}

@article{hwang2020efficiently,
  title={Efficiently calibrating cable-driven surgical robots with {RGBD} fiducial sensing and recurrent neural networks},
  author={Hwang, Minho and Thananjeyan, Brijen and Paradis, Samuel and Seita, Daniel and Ichnowski, Jeffrey and Fer, Danyal and Low, Thomas and Goldberg, Ken},
  journal={IEEE Robotics and Automation Letters},
  volume={5},
  number={4},
  pages={5937--5944},
  year={2020},
  publisher={IEEE}
}

@article{kalia2019marker,
  title={Marker-less real-time intra-operative camera and hand-eye calibration procedure for surgical augmented reality},
  author={Kalia, Megha and Mathur, Prateek and Navab, Nassir and Salcudean, Septimiu E},
  journal={Healthcare technology letters},
  volume={6},
  number={6},
  pages={255--260},
  year={2019},
  publisher={Wiley Online Library}
}

@ARTICLE{8963603,
  author={Zhong, Fangxun and Wang, Zerui and Chen, Wei and He, Kejing and Wang, Yaqing and Liu, Yun-Hui},
  journal={IEEE Robotics and Automation Letters}, 
  title={Hand-Eye Calibration of Surgical Instrument for Robotic Surgery Using Interactive Manipulation}, 
  year={2020},
  volume={5},
  number={2},
  pages={1540-1547},
  keywords={Instruments;Calibration;Cameras;Robot vision systems;Visualization;Calibration and identification;sensor-based control;surgical robotics: laparoscopy;medical robots and systems},
  doi={10.1109/LRA.2020.2967685}}

@article{zhang2017computationally,
  title={A computationally efficient method for hand--eye calibration},
  author={Zhang, Zhiqiang and Zhang, Lin and Yang, Guang-Zhong},
  journal={International journal of computer assisted radiology and surgery},
  volume={12},
  pages={1775--1787},
  year={2017},
  publisher={Springer}
}

@InProceedings{Hu_2023_CVPR,
    author    = {Hu, Yihan and Yang, Jiazhi and Chen, Li and Li, Keyu and Sima, Chonghao and Zhu, Xizhou and Chai, Siqi and Du, Senyao and Lin, Tianwei and Wang, Wenhai and Lu, Lewei and Jia, Xiaosong and Liu, Qiang and Dai, Jifeng and Qiao, Yu and Li, Hongyang},
    title     = {Planning-Oriented Autonomous Driving},
    booktitle = {Proceedings of the IEEE/CVF Conference on Computer Vision and Pattern Recognition (CVPR)},
    month     = {June},
    year      = {2023},
    pages     = {17853-17862}
}

@inproceedings{peng2023openscene,
  title={Openscene: 3d scene understanding with open vocabularies},
  author={Peng, Songyou and Genova, Kyle and Jiang, Chiyu and Tagliasacchi, Andrea and Pollefeys, Marc and Funkhouser, Thomas and others},
  booktitle={Proceedings of the IEEE/CVF conference on computer vision and pattern recognition},
  pages={815--824},
  year={2023}
}

@inproceedings{kirillov2023segment,
  title={Segment anything},
  author={Kirillov, Alexander and Mintun, Eric and Ravi, Nikhila and Mao, Hanzi and Rolland, Chloe and Gustafson, Laura and Xiao, Tete and Whitehead, Spencer and Berg, Alexander C and Lo, Wan-Yen and others},
  booktitle={Proceedings of the IEEE/CVF International Conference on Computer Vision},
  pages={4015--4026},
  year={2023}
}

@article{zhao2023survey,
  title={A survey of large language models},
  author={Zhao, Wayne Xin and Zhou, Kun and Li, Junyi and Tang, Tianyi and Wang, Xiaolei and Hou, Yupeng and Min, Yingqian and Zhang, Beichen and Zhang, Junjie and Dong, Zican and others},
  journal={arXiv preprint arXiv:2303.18223},
  year={2023}
}

@article{reiter2014appearance,
  title={Appearance learning for 3d tracking of robotic surgical tools},
  author={Reiter, Austin and Allen, Peter K and Zhao, Tao},
  journal={The International Journal of Robotics Research},
  volume={33},
  number={2},
  pages={342--356},
  year={2014},
  publisher={SAGE Publications Sage UK: London, England}
}

@article{reiter2012articulated,
  title={Articulated surgical tool detection using virtually-rendered templates},
  author={Reiter, Austin and Allen, Peter K and Zhao, Tao},
  booktitle={Computer assisted radiology and surgery (CARS)},
  pages={1--8},
  year={2012}
}

@inproceedings{ye2016real,
  title={Real-time 3d tracking of articulated tools for robotic surgery},
  author={Ye, Menglong and Zhang, Lin and Giannarou, Stamatia and Yang, Guang-Zhong},
  booktitle={Medical Image Computing and Computer-Assisted Intervention--MICCAI 2016: 19th International Conference, Athens, Greece, October 17-21, 2016, Proceedings, Part I 19},
  pages={386--394},
  year={2016},
  organization={Springer}
}

@inproceedings{li2022multi,
  title={Multi-task Semi-supervised Learning Framework for Surgical Instrument Pose Estimation},
  author={Li, Bo and Li, Song and Yang, Jie},
  booktitle={Proceedings of the 8th International Conference on Computing and Artificial Intelligence},
  pages={698--704},
  year={2022}
}

@article{du2018articulated,
  title={Articulated multi-instrument 2-D pose estimation using fully convolutional networks},
  author={Du, Xiaofei and Kurmann, Thomas and Chang, Ping-Lin and Allan, Maximilian and Ourselin, Sebastien and Sznitman, Raphael and Kelly, John D and Stoyanov, Danail},
  journal={IEEE transactions on medical imaging},
  volume={37},
  number={5},
  pages={1276--1287},
  year={2018},
  publisher={IEEE}
}

@article{hasan2021detection,
  title={Detection, segmentation, and 3D pose estimation of surgical tools using convolutional neural networks and algebraic geometry},
  author={Hasan, Md Kamrul and Calvet, Lilian and Rabbani, Navid and Bartoli, Adrien},
  journal={Medical Image Analysis},
  volume={70},
  pages={101994},
  year={2021},
  publisher={Elsevier}
}

@article{wu2024real,
  title={Real-time Surgical Instrument Segmentation in Video Using Point Tracking and Segment Anything},
  author={Wu, Zijian and Schmidt, Adam and Kazanzides, Peter and Salcudean, Septimiu E},
  journal={arXiv preprint arXiv:2403.08003},
  year={2024}
}

@article{zhao2019real,
  title={Real-time surgical instrument detection in robot-assisted surgery using a convolutional neural network cascade},
  author={Zhao, Zijian and Cai, Tongbiao and Chang, Faliang and Cheng, Xiaolin},
  journal={Healthcare technology letters},
  volume={6},
  number={6},
  pages={275--279},
  year={2019},
  publisher={Wiley Online Library}
}

@inproceedings{schmidt2023sendd,
  title={Sendd: Sparse efficient neural depth and deformation for tissue tracking},
  author={Schmidt, Adam and Mohareri, Omid and DiMaio, Simon and Salcudean, Septimiu E},
  booktitle={International Conference on Medical Image Computing and Computer-Assisted Intervention},
  pages={238--248},
  year={2023},
  organization={Springer}
}

@ARTICLE{9714837,
  author={Lu, Jingpei and Richter, Florian and Yip, Michael C.},
  journal={IEEE Robotics and Automation Letters}, 
  title={Pose Estimation for Robot Manipulators via Keypoint Optimization and Sim-to-Real Transfer}, 
  year={2022},
  volume={7},
  number={2},
  pages={4622-4629},
  keywords={Robots;Three-dimensional displays;Pose estimation;Visualization;Training;Optimization;Location awareness;Visual tracking;deep learning for visual perception;perception for grasping and manipulation},
  doi={10.1109/LRA.2022.3151981}}

@inproceedings{andriluka2018posetrack,
  title={Posetrack: A benchmark for human pose estimation and tracking},
  author={Andriluka, Mykhaylo and Iqbal, Umar and Insafutdinov, Eldar and Pishchulin, Leonid and Milan, Anton and Gall, Juergen and Schiele, Bernt},
  booktitle={Proceedings of the IEEE conference on computer vision and pattern recognition},
  pages={5167--5176},
  year={2018}
}

@article{yang2022apt,
  title={Apt-36k: A large-scale benchmark for animal pose estimation and tracking},
  author={Yang, Yuxiang and Yang, Junjie and Xu, Yufei and Zhang, Jing and Lan, Long and Tao, Dacheng},
  journal={Advances in Neural Information Processing Systems},
  volume={35},
  pages={17301--17313},
  year={2022}
}

@inproceedings{hampali2022keypoint,
  title={Keypoint transformer: Solving joint identification in challenging hands and object interactions for accurate 3d pose estimation},
  author={Hampali, Shreyas and Sarkar, Sayan Deb and Rad, Mahdi and Lepetit, Vincent},
  booktitle={Proceedings of the IEEE/CVF Conference on Computer Vision and Pattern Recognition},
  pages={11090--11100},
  year={2022}
}

@inproceedings{thananjeyan2022all,
  title={All you need is {LUV}: Unsupervised collection of labeled images using {UV}-fluorescent markings},
  author={Thananjeyan, Brijen and Kerr, Justin and Huang, Huang and Gonzalez, Joseph E and Goldberg, Ken},
  booktitle={2022 IEEE/RSJ International Conference on Intelligent Robots and Systems (IROS)},
  pages={3241--3248},
  year={2022},
  organization={IEEE}
}

@article{schmidt2024surgical,
  title={Surgical Tattoos in Infrared: A Dataset for Quantifying Tissue Tracking and Mapping},
  author={Schmidt, Adam and Mohareri, Omid and DiMaio, Simon and Salcudean, Septimiu E},
  journal={IEEE Transactions on Medical Imaging},
  year={2024},
  publisher={IEEE}
}

@article{bodenstedt2018comparative,
  title={Comparative evaluation of instrument segmentation and tracking methods in minimally invasive surgery},
  author={Bodenstedt, Sebastian and Allan, Max and Agustinos, Anthony and Du, Xiaofei and Garcia-Peraza-Herrera, Luis and Kenngott, Hannes and Kurmann, Thomas and M{\"u}ller-Stich, Beat and Ourselin, Sebastien and Pakhomov, Daniil and others},
  journal={arXiv preprint arXiv:1805.02475},
  year={2018}
}

@inproceedings{sznitman2012data,
  title={Data-driven visual tracking in retinal microsurgery},
  author={Sznitman, Raphael and Ali, Karim and Richa, Rog{\'e}rio and Taylor, Russell H and Hager, Gregory D and Fua, Pascal},
  booktitle={Medical Image Computing and Computer-Assisted Intervention--MICCAI 2012: 15th International Conference, Nice, France, October 1-5, 2012, Proceedings, Part II 15},
  pages={568--575},
  year={2012},
  organization={Springer}
}

@inproceedings{kayhan2021deep,
  title={Deep attention based semi-supervised 2d-pose estimation for surgical instruments},
  author={Kayhan, Mert and K{\"o}p{\"u}kl{\"u}, Okan and Sarhan, Mhd Hasan and Yigitsoy, Mehmet and Eslami, Abouzar and Rigoll, Gerhard},
  booktitle={Pattern Recognition. ICPR International Workshops and Challenges: Virtual Event, January 10--15, 2021, Proceedings, Part I},
  pages={444--460},
  year={2021},
  organization={Springer}
}

@article{allan20183,
  title={3-D pose estimation of articulated instruments in robotic minimally invasive surgery},
  author={Allan, Max and Ourselin, S{\'e}bastien and Hawkes, David J and Kelly, John D and Stoyanov, Danail},
  journal={IEEE transactions on medical imaging},
  volume={37},
  number={5},
  pages={1204--1213},
  year={2018},
  publisher={IEEE}
}

@article{lee1989choosing,
  title={Choosing nodes in parametric curve interpolation},
  author={Lee, Eugene TY},
  journal={Computer-Aided Design},
  volume={21},
  number={6},
  pages={363--370},
  year={1989},
  publisher={Elsevier}
}

@inproceedings{kazanzides2014open,
  title={An open-source research kit for the {da Vinci{\textregistered} Surgical System}},
  author={Kazanzides, Peter and Chen, Zihan and Deguet, Anton and Fischer, Gregory S and Taylor, Russell H and DiMaio, Simon P},
  booktitle={2014 IEEE International Conference on Robotics and Automation (ICRA)},
  pages={6434--6439},
  year={2014},
  organization={IEEE}
}

@inproceedings{teed2020raft,
  title={Raft: Recurrent all-pairs field transforms for optical flow},
  author={Teed, Zachary and Deng, Jia},
  booktitle={Computer Vision--ECCV 2020: 16th European Conference, Glasgow, UK, August 23--28, 2020, Proceedings, Part II 16},
  pages={402--419},
  year={2020},
  organization={Springer}
}

@article{haralick1973textural,
  title={Textural features for image classification},
  author={Haralick, Robert M and Shanmugam, Karthikeyan and Dinstein, Its' Hak},
  journal={IEEE Transactions on systems, man, and cybernetics},
  number={6},
  pages={610--621},
  year={1973},
  publisher={IEEE}
}

@inproceedings{varghese2024yolov8,
  title={{YOLOv8}: A Novel Object Detection Algorithm with Enhanced Performance and Robustness},
  author={Varghese, Rejin and Sambath, M},
  booktitle={2024 International Conference on Advances in Data Engineering and Intelligent Computing Systems (ADICS)},
  pages={1--6},
  year={2024},
  organization={IEEE}
}

@article{xu2022vitpose,
  title={Vitpose: Simple vision transformer baselines for human pose estimation},
  author={Xu, Yufei and Zhang, Jing and Zhang, Qiming and Tao, Dacheng},
  journal={Advances in Neural Information Processing Systems},
  volume={35},
  pages={38571--38584},
  year={2022}
}

@inproceedings{lin2014microsoft,
  title={Microsoft coco: Common objects in context},
  author={Lin, Tsung-Yi and Maire, Michael and Belongie, Serge and Hays, James and Perona, Pietro and Ramanan, Deva and Doll{\'a}r, Piotr and Zitnick, C Lawrence},
  booktitle={Computer Vision--ECCV 2014: 13th European Conference, Zurich, Switzerland, September 6-12, 2014, Proceedings, Part V 13},
  pages={740--755},
  year={2014},
  organization={Springer}
}

@misc{phakir2024rueckert,
  author = {Tobias Rueckert},
  title = {PhaKIR - Challenge:
Phase, Keypoint and Instrument Recognition},
  year = {2024},
  note = {2024 MICCAI Endoscopic Vision Challenge},
  url = {https://phakir.re-mic.de/}
}

@misc{surgripe2024xu,
  author = {Haozheng Xu},
  title = {Surgical Robot Instrument Pose Estimation ({SurgRIPE})},
  year = {2023},
  note = {2023 MICCAI Endoscopic Vision Challenge},
  url = {https://www.synapse.org/Synapse:syn51471789/wiki/622265}
}

@article{ravi2024sam,
  title={Sam 2: Segment anything in images and videos},
  author={Ravi, Nikhila and Gabeur, Valentin and Hu, Yuan-Ting and Hu, Ronghang and Ryali, Chaitanya and Ma, Tengyu and Khedr, Haitham and R{\"a}dle, Roman and Rolland, Chloe and Gustafson, Laura and others},
  journal={arXiv preprint arXiv:2408.00714},
  year={2024}
}

@inproceedings{he2017mask,
  title={Mask r-cnn},
  author={He, Kaiming and Gkioxari, Georgia and Doll{\'a}r, Piotr and Girshick, Ross},
  booktitle={Proceedings of the IEEE International Conference on Computer Vision},
  pages={2961--2969},
  year={2017}
}

@article{mathis2018deeplabcut,
  title={{DeepLabCut}: markerless pose estimation of user-defined body parts with deep learning},
  author={Mathis, Alexander and Mamidanna, Pranav and Cury, Kevin M and Abe, Taiga and Murthy, Venkatesh N and Mathis, Mackenzie Weygandt and Bethge, Matthias},
  journal={Nature Neuroscience},
  volume={21},
  number={9},
  pages={1281--1289},
  year={2018},
  publisher={Nature Publishing Group}
}

@inproceedings{lu2021super,
  title={Super deep: A surgical perception framework for robotic tissue manipulation using deep learning for feature extraction},
  author={Lu, Jingpei and Jayakumari, Ambareesh and Richter, Florian and Li, Yang and Yip, Michael C},
  booktitle={2021 IEEE International Conference on Robotics and Automation (ICRA)},
  pages={4783--4789},
  year={2021},
  organization={IEEE}
}

@inproceedings{kurmann2017simultaneous,
  title={Simultaneous recognition and pose estimation of instruments in minimally invasive surgery},
  author={Kurmann, Thomas and Marquez Neila, Pablo and Du, Xiaofei and Fua, Pascal and Stoyanov, Danail and Wolf, Sebastian and Sznitman, Raphael},
  booktitle={Medical Image Computing and Computer-Assisted Intervention- MICCAI 2017: 20th International Conference, Quebec City, QC, Canada, September 11-13, 2017, Proceedings, Part II 20},
  pages={505--513},
  year={2017},
  organization={Springer}
}

@misc{consortium2014eval,
  author = {COCO Consortium},
  title = {COCO Challenge, Keypoint Evaluation},
  year = {2014},
  url = {https://cocodataset.org/#keypoints-eval}
}