@ARTICLE{10477463,
  author={Fan, Lili and Wang, Junhao and Chang, Yuanmeng and Li, Yuke and Wang, Yutong and Cao, Dongpu},
  journal={IEEE Transactions on Intelligent Vehicles}, 
  title={4D mmWave Radar for Autonomous Driving Perception: A Comprehensive Survey}, 
  year={2024},
  volume={9},
  number={4},
  pages={4606-4620},
  keywords={Radar;Radar antennas;Millimeter wave communication;Microstrip antennas;Antenna arrays;Radar detection;Autonomous vehicles;4D mmWave radar;autonomous driving;perception;multi-modal fusion;3D object detection},
  doi={10.1109/TIV.2024.3380244}
}

@inproceedings{cen2018precise,
  title={Precise ego-motion estimation with millimeter-wave radar under diverse and challenging conditions},
  author={Cen, Sarah H and Newman, Paul},
  booktitle={2018 IEEE International Conference on Robotics and Automation (ICRA)},
  pages={6045--6052},
  year={2018},
  organization={IEEE}
}

@article{deng2023see,
  title={See beyond seeing: Robust 3d object detection from point clouds via cross-modal hallucination},
  author={Deng, Jianning and Chan, Gabriel and Zhong, Hantao and Lu, Chris Xiaoxuan},
  journal={arXiv preprint arXiv:2309.17336},
  year={2023}
}

@article{wang2022multi,
  title={Multi-modal and multi-scale fusion 3D object detection of 4D radar and LiDAR for autonomous driving},
  author={Wang, Li and Zhang, Xinyu and Li, Jun and Xv, Baowei and Fu, Rong and Chen, Haifeng and Yang, Lei and Jin, Dafeng and Zhao, Lijun},
  journal={IEEE Transactions on Vehicular Technology},
  volume={72},
  number={5},
  pages={5628--5641},
  year={2022},
  publisher={IEEE}
}

@inproceedings{wang2022interfusion,
  title={InterFusion: Interaction-based 4D radar and LiDAR fusion for 3D object detection},
  author={Wang, Li and Zhang, Xinyu and Xv, Baowei and Zhang, Jinzhao and Fu, Rong and Wang, Xiaoyu and Zhu, Lei and Ren, Haibing and Lu, Pingping and Li, Jun and others},
  booktitle={2022 IEEE/RSJ International Conference on Intelligent Robots and Systems (IROS)},
  pages={12247--12253},
  year={2022},
  organization={IEEE}
}

@ARTICLE{9991894,
  author={Wang, Li and Zhang, Xinyu and Li, Jun and Xv, Baowei and Fu, Rong and Chen, Haifeng and Yang, Lei and Jin, Dafeng and Zhao, Lijun},
  journal={IEEE Transactions on Vehicular Technology}, 
  title={Multi-Modal and Multi-Scale Fusion 3D Object Detection of 4D Radar and LiDAR for Autonomous Driving}, 
  year={2023},
  volume={72},
  number={5},
  pages={5628-5641},
  keywords={Radar;Three-dimensional displays;Laser radar;Radar detection;Point cloud compression;Feature extraction;Object detection;Object detection;4D radar;multi-modal fusion;autonomous driving},
  doi={10.1109/TVT.2022.3230265}}

@INPROCEEDINGS{8904734,
  author={Meyer, Michael and Kuschk, Georg},
  booktitle={2019 16th European Radar Conference (EuRAD)}, 
  title={Automotive Radar Dataset for Deep Learning Based 3D Object Detection}, 
  year={2019},
  volume={},
  number={},
  pages={129-132}}

@InProceedings{Rebut_2022_CVPR,
               author = {Rebut, Julien and Ouaknine, Arthur and Malik, Waqas and P\'erez, Patrick},
               title = {Raw High-Definition Radar for Multi-Task Learning},
               booktitle = C-CVPR,
               month = {June},
               year = {2022},
               pages = {17021-17030}
               }

@article{palffy2022multi,
  title={Multi-class road user detection with 3+ 1D radar in the View-of-Delft dataset},
  author={Palffy, Andras and Pool, Ewoud and Baratam, Srimannarayana and Kooij, Julian FP and Gavrila, Dariu M},
  journal=IEEE_J_RAL,
  volume={7},
  number={2},
  pages={4961--4968},
  year={2022},
  publisher={IEEE}
}

@inproceedings{zheng2022tj4dradset,
  title={TJ4DRadSet: A 4D radar dataset for autonomous driving},
  author={Zheng, Lianqing and Ma, Zhixiong and Zhu, Xichan and Tan, Bin and Li, Sen and Long, Kai and Sun, Weiqi and Chen, Sihan and Zhang, Lu and Wan, Mengyue and others},
  booktitle=C-ITSC,
  pages={493--498},
  year={2022},
  organization={IEEE}
}

@article{paek2022k,
  title={K-radar: 4d radar object detection for autonomous driving in various weather conditions},
  author={Paek, Dong-Hee and Kong, Seung-Hyun and Wijaya, Kevin Tirta},
  journal=C-NIPS,
  volume={35},
  pages={3819--3829},
  year={2022}
}

@article{choi2023msc,
  title={Msc-rad4r: Ros-based automotive dataset with 4d radar},
  author={Choi, Minseong and Yang, Seunghoon and Han, Seungho and Lee, Yeongseok and Lee, Minyoung and Choi, Keun Ha and Kim, Kyung-Soo},
  journal=IEEE_J_RAL,
  year={2023},
  publisher={IEEE}
}

@inproceedings{zhang2023ntu4dradlm,
  title={Ntu4dradlm: 4d radar-centric multi-modal dataset for localization and mapping},
  author={Zhang, Jun and Zhuge, Huayang and Liu, Yiyao and Peng, Guohao and Wu, Zhenyu and Zhang, Haoyuan and Lyu, Qiyang and Li, Heshan and Zhao, Chunyang and Kircali, Dogan and others},
  booktitle=C-ITSC,
  pages={4291--4296},
  year={2023},
  organization={IEEE}
}

@article{zhang2023dual,
  title={Dual radar: A multi-modal dataset with dual 4d radar for autononous driving},
  author={Zhang, Xinyu and Wang, Li and Chen, Jian and Fang, Cheng and Yang, Lei and Song, Ziying and Yang, Guangqi and Wang, Yichen and Zhang, Xiaofei and Li, Jun},
  journal={arXiv preprint arXiv:2310.07602},
  year={2023}
}

@article{huai2024snail,
  title={Snail-Radar: A large-scale diverse dataset for the evaluation of 4D-radar-based SLAM systems},
  author={Huai, Jianzhu and Wang, Binliang and Zhuang, Yuan and Chen, Yiwen and Li, Qipeng and Han, Yulong and Toth, Charles},
  journal={arXiv preprint arXiv:2407.11705},
  year={2024}
}

@inproceedings{barnes2020oxford,
  title={The oxford radar robotcar dataset: A radar extension to the oxford robotcar dataset},
  author={Barnes, Dan and Gadd, Matthew and Murcutt, Paul and Newman, Paul and Posner, Ingmar},
  booktitle=C-ICRA,
  pages={6433--6438},
  year={2020},
  organization={IEEE}
}

@inproceedings{kim2020mulran,
  title={Mulran: Multimodal range dataset for urban place recognition},
  author={Kim, Giseop and Park, Yeong Sang and Cho, Younghun and Jeong, Jinyong and Kim, Ayoung},
  booktitle=C-ICRA,
  pages={6246--6253},
  year={2020},
  organization={IEEE}
}

@inproceedings{sheeny2021radiate,
  title={Radiate: A radar dataset for automotive perception in bad weather},
  author={Sheeny, Marcel and De Pellegrin, Emanuele and Mukherjee, Saptarshi and Ahrabian, Alireza and Wang, Sen and Wallace, Andrew},
  booktitle=C-ICRA,
  pages={1--7},
  year={2021},
  organization={IEEE}
}

@article{burnett2023boreas,
  title={Boreas: A multi-season autonomous driving dataset},
  author={Burnett, Keenan and Yoon, David J and Wu, Yuchen and Li, Andrew Z and Zhang, Haowei and Lu, Shichen and Qian, Jingxing and Tseng, Wei-Kang and Lambert, Andrew and Leung, Keith YK and others},
  journal=J-IJRR,
  volume={42},
  number={1-2},
  pages={33--42},
  year={2023}
}

@article{gadd2024oord,
  title={OORD: The Oxford Offroad Radar Dataset},
  author={Gadd, Matthew and De Martini, Daniele and Bartlett, Oliver and Murcutt, Paul and Towlson, Matt and Widojo, Matthew and Mu{\c{s}}at, Valentina and Robinson, Luke and Panagiotaki, Efimia and Pramatarov, Georgi and others},
  journal={arXiv preprint arXiv:2403.02845},
  year={2024}
}

@article{harlow2023new,
  title={A new wave in robotics: Survey on recent mmwave radar applications in robotics},
  author={Harlow, Kyle and Jang, Hyesu and Barfoot, Timothy D and Kim, Ayoung and Heckman, Christoffer},
  journal={arXiv preprint arXiv:2305.01135},
  year={2023}
}

@article{abu2023radar,
  title={Radar odometry for autonomous ground vehicles: A survey of methods and datasets},
  author={Abu-Alrub, Nader J and Rawashdeh, Nathir A},
  journal=IEEE_J_IV,
  year={2023},
  publisher={IEEE}
}


@book{adams2012robotic,
  title={Robotic navigation and mapping with radar},
  author={Adams, Martin and Adams, Martin David},
  year={2012},
  publisher={Artech House}
}

@article{starr2014evaluation,
  title={Evaluation of navigation sensors in fire smoke environments},
  author={Starr, Joseph W and Lattimer, Brian Y},
  journal={Fire Technology},
  volume={50},
  pages={1459--1481},
  year={2014},
  publisher={Springer}
}

@inproceedings{bijelic2018benchmark,
  title={A benchmark for lidar sensors in fog: Is detection breaking down?},
  author={Bijelic, Mario and Gruber, Tobias and Ritter, Werner},
  booktitle={2018 IEEE intelligent vehicles symposium (IV)},
  pages={760--767},
  year={2018},
  organization={IEEE}
}

@inproceedings{kramer2021radar,
  title={Radar-inertial state estimation and obstacle detection for micro-aerial vehicles in dense fog},
  author={Kramer, Andrew and Heckman, Christoffer},
  booktitle={Experimental Robotics: The 17th International Symposium},
  pages={3--16},
  year={2021},
  organization={Springer}
}

@article{nissov2024degradation,
  title={Degradation Resilient LiDAR-Radar-Inertial Odometry},
  author={Nissov, Morten and Khedekar, Nikhil and Alexis, Kostas},
  journal={arXiv preprint arXiv:2403.05332},
  year={2024}
}

@inproceedings{shan2018lego,
  title={Lego-loam: Lightweight and ground-optimized lidar odometry and mapping on variable terrain},
  author={Shan, Tixiao and Englot, Brendan},
  booktitle={2018 IEEE/RSJ International Conference on Intelligent Robots and Systems (IROS)},
  pages={4758--4765},
  year={2018},
  organization={IEEE}
}

@article{zheng2021efficient,
  title={Efficient LiDAR odometry for autonomous driving},
  author={Zheng, Xin and Zhu, Jianke},
  journal={IEEE Robotics and Automation Letters},
  volume={6},
  number={4},
  pages={8458--8465},
  year={2021},
  publisher={IEEE}
}

@ARTICLE{9969174,
  author={Adolfsson, Daniel and Magnusson, Martin and Alhashimi, Anas and Lilienthal, Achim J. and Andreasson, Henrik},
  journal={IEEE Transactions on Robotics}, 
  title={Lidar-Level Localization With Radar? The CFEAR Approach to Accurate, Fast, and Robust Large-Scale Radar Odometry in Diverse Environments}, 
  year={2023},
  volume={39},
  number={2},
  pages={1476-1495},
  keywords={Radar;Sensors;Spinning;Azimuth;Simultaneous localization and mapping;Estimation;Location awareness;Localization;radar odometry;range sensing;SLAM},
  doi={10.1109/TRO.2022.3221302}}

@inproceedings{kellner2013instantaneous,
  title={Instantaneous ego-motion estimation using doppler radar},
  author={Kellner, Dominik and Barjenbruch, Michael and Klappstein, Jens and Dickmann, J{\"u}rgen and Dietmayer, Klaus},
  booktitle=C-ITSC,
  pages={869--874},
  year={2013}
}

@inproceedings{kellner2014instantaneous,
  title={Instantaneous ego-motion estimation using multiple Doppler radars},
  author={Kellner, Dominik and Barjenbruch, Michael and Klappstein, Jens and Dickmann, J{\"u}rgen and Dietmayer, Klaus},
  booktitle=C-ICRA,
  pages={1592--1597},
  year={2014}
}

@inproceedings{kung2021normal,
  title={A normal distribution transform-based radar odometry designed for scanning and automotive radars},
  author={Kung, Pou-Chun and Wang, Chieh-Chih and Lin, Wen-Chieh},
  booktitle={2021 IEEE International Conference on Robotics and Automation (ICRA)},
  pages={14417--14423},
  year={2021},
  organization={IEEE}
}

@article{retan2021radar,
  title={Radar Odometry on $ SE (3) $ With Constant Velocity Motion Prior},
  author={Retan, Kyle and Loshaj, Frasher and Heizmann, Michael},
  journal={IEEE Robotics and Automation Letters},
  volume={6},
  number={4},
  pages={6386--6393},
  year={2021},
  publisher={IEEE}
}

@article{li20234d,
  title={4d radar-based pose graph slam with ego-velocity pre-integration factor},
  author={Li, Xingyi and Zhang, Han and Chen, Weidong},
  journal={IEEE Robotics and Automation Letters},
  year={2023},
  publisher={IEEE}
}

@misc{galeoteluque2023doppleronlysinglescan3dvehicle,
      title={Doppler-only Single-scan 3D Vehicle Odometry}, 
      author={Andres Galeote-Luque and Vladimír Kubelka and Martin Magnusson and Jose-Raul Ruiz-Sarmiento and Javier Gonzalez-Jimenez},
      year={2023},
      eprint={2310.04113},
      archivePrefix={arXiv},
      primaryClass={cs.RO},
      url={https://arxiv.org/abs/2310.04113}, 
}

@article{lu2023efficient,
  title={Efficient deep-learning 4d automotive radar odometry method},
  author={Lu, Shouyi and Zhuo, Guirong and Xiong, Lu and Zhu, Xichan and Zheng, Lianqing and He, Zihang and Zhou, Mingyu and Lu, Xinfei and Bai, Jie},
  journal=IEEE_J_IV,
  year={2023}
}

@Inproceedings{CasadoHerraez2024radar,
author={Casado Herraez, Daniel and Zeller, Matthias and Chang, Le and Vizzo, Ignacio and  Heidingsfeld, Michael and Stachniss, Cyrill},
title={Radar-Only Odometry and Mapping for Autonomous Vehicles},
booktitle={IEEE International Conference on Robotics and Automation},
url={https://www.ipb.uni-bonn.de/pdfs/casado-herraez2024icra.pdf},
year={2024}}

// radar inertial odometry
@INPROCEEDINGS{9196666,
  author={Kramer, Andrew and Stahoviak, Carl and Santamaria-Navarro, Angel and Agha-mohammadi, Ali-akbar and Heckman, Christoffer},
  booktitle={2020 IEEE International Conference on Robotics and Automation (ICRA)}, 
  title={Radar-Inertial Ego-Velocity Estimation for Visually Degraded Environments}, 
  year={2020},
  volume={},
  number={},
  pages={5739-5746},
  keywords={Robot sensing systems;Radar measurements;Doppler radar;Doppler effect;Estimation;Velocity measurement},
  doi={10.1109/ICRA40945.2020.9196666}}

@inproceedings{DoerENC2020,
  author={Doer, Christopher and Trommer, Gert F.},
  booktitle={2020 European Navigation Conference (ENC)}, 
  title={Radar Inertial Odometry with Online Calibration}, 
  year={2020},
  pages={1-10},
  doi={10.23919/ENC48637.2020.9317343}}

@inproceedings{DoerMFI2020, 
  author={Doer, Christopher and Trommer, Gert F.},
  booktitle={2020 IEEE International Conference on Multisensor Fusion and Integration for Intelligent Systems (MFI)}, 
  title={An EKF Based Approach to Radar Inertial Odometry}, 
  year={2020},
  pages={152-159},
  doi={10.1109/MFI49285.2020.9235254}}

@article{park20213d,
  title={3d ego-motion estimation using low-cost mmwave radars via radar velocity factor for pose-graph slam},
  author={Park, Yeong Sang and Shin, Young-Sik and Kim, Joowan and Kim, Ayoung},
  journal=IEEE_J_RAL,
  volume={6},
  number={4},
  pages={7691--7698},
  year={2021}
}

@inproceedings{ng2021continuous,
  title={Continuous-time radar-inertial odometry for automotive radars},
  author={Ng, Yin Zhi and Choi, Benjamin and Tan, Robby and Heng, Lionel},
  booktitle={2021 IEEE/RSJ International Conference on Intelligent Robots and Systems (IROS)},
  pages={323--330},
  year={2021},
  organization={IEEE}
}

@inproceedings{michalczyk2022tightly,
  title={Tightly-coupled ekf-based radar-inertial odometry},
  author={Michalczyk, Jan and Jung, Roland and Weiss, Stephan},
  booktitle=C-IROS,
  pages={12336--12343},
  year={2022}
}

@INPROCEEDINGS{10160482,
  author={Michalczyk, Jan and Jung, Roland and Brommer, Christian and Weiss, Stephan},
  booktitle={2023 IEEE International Conference on Robotics and Automation (ICRA)}, 
  title={Multi-State Tightly-Coupled EKF-Based Radar-Inertial Odometry With Persistent Landmarks}, 
  year={2023},
  volume={},
  number={},
  pages={4011-4017},
  keywords={Three-dimensional displays;Radar measurements;Spaceborne radar;Robot sensing systems;Autonomous aerial vehicles;Real-time systems;Frequency measurement},
  doi={10.1109/ICRA48891.2023.10160482}}


@article{zhuang20234d,
  title={4d iriom: 4d imaging radar inertial odometry and mapping},
  author={Zhuang, Yuan and Wang, Binliang and Huai, Jianzhu and Li, Miao},
  journal=IEEE_J_RAL,
  year={2023}
}

@article{chen2023drio,
  title={Drio: Robust radar-inertial odometry in dynamic environments},
  author={Chen, Hongyu and Liu, Yimin and Cheng, Yuwei},
  journal=IEEE_J_RAL,
  year={2023}
}

@article{huang2024less,
  title={Less is more: Physical-enhanced radar-inertial odometry},
  author={Huang, Qiucan and Liang, Yuchen and Qiao, Zhijian and Shen, Shaojie and Yin, Huan},
  journal={arXiv preprint arXiv:2402.02200},
  year={2024}
}

@misc{do2024dero,
      title={DeRO: Dead Reckoning Based on Radar Odometry With Accelerometers Aided for Robot Localization}, 
      author={Hoang Viet Do and Yong Hun Kim and Joo Han Lee and Min Ho Lee and Jin Woo Song},
      year={2024},
      eprint={2403.05136},
      archivePrefix={arXiv},
      primaryClass={cs.RO}
}



// patchwork
@inproceedings{lee2022patchworkpp,
    title={{Patchwork++: Fast and robust ground segmentation solving partial under-segmentation using 3D point cloud}},
    author={Lee, Seungjae and Lim, Hyungtae and Myung, Hyun},
    booktitle={Proc. IEEE/RSJ Int. Conf. Intell. Robots Syst.},
    year={2022},
    pages={13276-13283}
}

// gp integration

@article{forster2016manifold,
  title={On-manifold preintegration for real-time visual--inertial odometry},
  author={Forster, Christian and Carlone, Luca and Dellaert, Frank and Scaramuzza, Davide},
  journal={IEEE Transactions on Robotics},
  volume={33},
  number={1},
  pages={1--21},
  year={2016},
  publisher={IEEE}
}

@inproceedings{sarkka2011linear,
  title={Linear operators and stochastic partial differential equations in Gaussian process regression},
  author={S{\"a}rkk{\"a}, Simo},
  booktitle={Artificial Neural Networks and Machine Learning--ICANN 2011: 21st International Conference on Artificial Neural Networks, Espoo, Finland, June 14-17, 2011, Proceedings, Part II 21},
  pages={151--158},
  year={2011},
  organization={Springer}
}

@article{le2021continuous,
  title={Continuous integration over SO (3) for IMU preintegration},
  author={Le Gentil, Cedric and Vidal-Calleja, Teresa},
  journal={Robotics: Science and Systems 2021},
  year={2021},
  publisher={Robotics: Science and Systems Foundation}
}

// dataset and evaluation

@INPROCEEDINGS{ZhangZhugeLiu2023ITSC,
  author={Zhang, Jun and Zhuge, Huayang and Liu, Yiyao and Peng, Guohao and Wu, Zhenyu and Zhang, Haoyuan and Lyu, Qiyang and Li, Heshan and Zhao, Chunyang and Kircali, Dogan and Mharolkar, Sanat and Yang, Xun and Yi, Su and Wang, Yuanzhe and Wang, Danwei},
  booktitle={2023 IEEE 26th International Conference on Intelligent Transportation Systems (ITSC)}, 
  title={NTU4DRadLM: 4D Radar-Centric Multi-Modal Dataset for Localization and Mapping}, 
  year={2023},
  volume={},
  number={},
  pages={4291-4296},
  keywords={Visualization;Simultaneous localization and mapping;Three-dimensional displays;Robot vision systems;Thermal sensors;Cameras;Trajectory},
  doi={10.1109/ITSC57777.2023.10422606}}

@misc{grupp2017evo,
  title={EVO: Python package for the evaluation of odometry and SLAM.},
  author={Grupp, M.},
  howpublished={\url{https://github.com/MichaelGrupp/evo}},
  year={2017}
}

@inproceedings{kummerle2011g,
  title={g 2 o: A general framework for graph optimization},
  author={K{\"u}mmerle, Rainer and Grisetti, Giorgio and Strasdat, Hauke and Konolige, Kurt and Burgard, Wolfram},
  booktitle={2011 IEEE international conference on robotics and automation},
  pages={3607--3613},
  year={2011},
  organization={IEEE}
}


@ARTICLE{10225273,
  author={Choi, Minseong and Yang, Seunghoon and Han, Seungho and Lee, Yeongseok and Lee, Minyoung and Choi, Keun Ha and Kim, Kyung-Soo},
  journal={IEEE Robotics and Automation Letters}, 
  title={MSC-RAD4R: ROS-Based Automotive Dataset With 4D Radar}, 
  year={2023},
  volume={8},
  number={11},
  pages={7194-7201},
  keywords={Sensors;Radar;Wheels;Laser radar;Odometry;Cameras;Global Positioning System;4D radar;dataset;SLAM;autonomous driving;sensor calibration},
  doi={10.1109/LRA.2023.3307005}}

@article{kubelka2023we,
  title={Do we need scan-matching in radar odometry?},
  author={Kubelka, Vladim{\'\i}r and Fritz, Emil and Magnusson, Martin},
  journal={arXiv preprint arXiv:2310.18117},
  year={2023}
}

@article{domhof2021joint,
  title={A joint extrinsic calibration tool for radar, camera and lidar},
  author={Domhof, Joris and Kooij, Julian FP and Gavrila, Dariu M},
  journal={IEEE Transactions on Intelligent Vehicles},
  volume={6},
  number={3},
  pages={571--582},
  year={2021},
  publisher={IEEE}
}

@inproceedings{zhu2022robust,
  title={Robust real-time lidar-inertial initialization},
  author={Zhu, Fangcheng and Ren, Yunfan and Zhang, Fu},
  booktitle={2022 IEEE/RSJ International Conference on Intelligent Robots and Systems (IROS)},
  pages={3948--3955},
  year={2022},
  organization={IEEE}
}

@misc{fernándezcalatayud2024rosrdi,
  title={ars548\_ros: An ARS 548 RDI radar driver for ROS}, 
  author={Fernando Fernández-Calatayud and Lucía Coto-Elena and David Alejo and José J. Carpio-Jiménez and Fernando Caballero and Luis Merino},
  year={2024},
  eprint={2404.04589},
  archivePrefix={arXiv},
  primaryClass={cs.RO},
  url={https://arxiv.org/abs/2404.04589}, 
}

@article{zhang2000flexible,
  title={A flexible new technique for camera calibration},
  author={Zhang, Zhengyou},
  journal={IEEE Transactions on Pattern Analysis and Machine Intelligence},
  volume={22},
  number={11},
  pages={1330--1334},
  year={2000},
  publisher={IEEE}
}

@article{lowry2015visual,
  title={Visual place recognition: A survey},
  author={Lowry, Stephanie and S{\"u}nderhauf, Niko and Newman, Paul and Leonard, John J and Cox, David and Corke, Peter and Milford, Michael J},
  journal={ieee transactions on robotics},
  volume={32},
  number={1},
  pages={1--19},
  year={2015},
  publisher={IEEE}
}

@inproceedings{kim2018scan,
  title={Scan context: Egocentric spatial descriptor for place recognition within 3d point cloud map},
  author={Kim, Giseop and Kim, Ayoung},
  booktitle={2018 IEEE/RSJ International Conference on Intelligent Robots and Systems (IROS)},
  pages={4802--4809},
  year={2018},
  organization={IEEE}
}

@inproceedings{jang2023raplace,
  title={Raplace: Place recognition for imaging radar using radon transform and mutable threshold},
  author={Jang, Hyesu and Jung, Minwoo and Kim, Ayoung},
  booktitle={2023 IEEE/RSJ International Conference on Intelligent Robots and Systems (IROS)},
  pages={11194--11201},
  year={2023},
  organization={IEEE}
}

@article{xu2021fast,
  title={Fast-lio: A fast, robust lidar-inertial odometry package by tightly-coupled iterated kalman filter},
  author={Xu, Wei and Zhang, Fu},
  journal={IEEE Robotics and Automation Letters},
  volume={6},
  number={2},
  pages={3317--3324},
  year={2021},
  publisher={IEEE}
}

@inproceedings{zhang20234dradarslam,
  title={4dradarslam: A 4d imaging radar slam system for large-scale environments based on pose graph optimization},
  author={Zhang, Jun and Zhuge, Huayang and Wu, Zhenyu and Peng, Guohao and Wen, Mingxing and Liu, Yiyao and Wang, Danwei},
  booktitle={2023 IEEE International Conference on Robotics and Automation (ICRA)},
  pages={8333--8340},
  year={2023},
  organization={IEEE}
}


@inproceedings{checchin2010radar,
  title={Radar scan matching slam using the fourier-mellin transform},
  author={Checchin, Paul and G{\'e}rossier, Franck and Blanc, Christophe and Chapuis, Roland and Trassoudaine, Laurent},
  booktitle={Field and Service Robotics: Results of the 7th International Conference},
  pages={151--161},
  year={2010},
  organization={Springer}
}

@misc{lim2023ororaoutlierrobustradarodometry,
      title={ORORA: Outlier-Robust Radar Odometry}, 
      author={Hyungtae Lim and Kawon Han and Gunhee Shin and Giseop Kim and Songcheol Hong and Hyun Myung},
      year={2023},
      eprint={2303.01876},
      archivePrefix={arXiv},
      primaryClass={cs.RO},
      url={https://arxiv.org/abs/2303.01876}, 
}


@inproceedings{gadd2020look,
  title={Look around you: Sequence-based radar place recognition with learned rotational invariance},
  author={Gadd, Matthew and De Martini, Daniele and Newman, Paul},
  booktitle={2020 IEEE/ION Position, Location and Navigation Symposium (PLANS)},
  pages={270--276},
  year={2020},
  organization={IEEE}
}

@inproceedings{park2020pharao,
  title={Pharao: Direct radar odometry using phase correlation},
  author={Park, Yeong Sang and Shin, Young-Sik and Kim, Ayoung},
  booktitle={2020 IEEE International Conference on Robotics and Automation (ICRA)},
  pages={2617--2623},
  year={2020},
  organization={IEEE}
}
@article{jung2023helipr,
  title={HeLiPR: Heterogeneous LiDAR dataset for inter-LiDAR place recognition under spatiotemporal variations},
  author={Jung, Minwoo and Yang, Wooseong and Lee, Dongjae and Gil, Hyeonjae and Kim, Giseop and Kim, Ayoung},
  journal={The International Journal of Robotics Research},
  pages={02783649241242136},
  year={2023},
  publisher={SAGE Publications Sage UK: London, England}
}


@ARTICLE{9495184,
  author={Park, Yeong Sang and Shin, Young-Sik and Kim, Joowan and Kim, Ayoung},
  journal={IEEE Robotics and Automation Letters}, 
  title={3D ego-Motion Estimation Using low-Cost mmWave Radars via Radar Velocity Factor for Pose-Graph SLAM}, 
  year={2021},
  volume={6},
  number={4},
  pages={7691-7698},
  keywords={Radar;Three-dimensional displays;Doppler radar;Robot sensing systems;Estimation;Radar measurements;Velocity measurement;SLAM;field robots;range sensing},
  doi={10.1109/LRA.2021.3099365}}

@article{lim2024helimos,
  title={HeLiMOS: A Dataset for Moving Object Segmentation in 3D Point Clouds From Heterogeneous LiDAR Sensors},
  author={Lim, Hyungtae and Jang, Seoyeon and Mersch, Benedikt and Behley, Jens and Myung, Hyun and Stachniss, Cyrill},
  journal={arXiv preprint arXiv:2408.06328},
  year={2024}
}

@article{chen2024heterogeneous,
  title={Heterogeneous LiDAR Dataset for Benchmarking Robust Localization in Diverse Degenerate Scenarios},
  author={Chen, Zhiqiang and Qi, Yuhua and Feng, Dapeng and Zhuang, Xuebin and Chen, Hongbo and Hu, Xiangcheng and Wu, Jin and Peng, Kelin and Lu, Peng},
  journal={arXiv preprint arXiv:2409.04961},
  year={2024}
}

@inproceedings{yun2022sthereo,
  title={Sthereo: Stereo thermal dataset for research in odometry and mapping},
  author={Yun, Seungsang and Jung, Minwoo and Kim, Jeongyun and Jung, Sangwoo and Cho, Younghun and Jeon, Myung-Hwan and Kim, Giseop and Kim, Ayoung},
  booktitle={2022 IEEE/RSJ International Conference on Intelligent Robots and Systems (IROS)},
  pages={3857--3864},
  year={2022},
  organization={IEEE}
}

@article{gehrig2021dsec,
  title={Dsec: A stereo event camera dataset for driving scenarios},
  author={Gehrig, Mathias and Aarents, Willem and Gehrig, Daniel and Scaramuzza, Davide},
  journal={IEEE Robotics and Automation Letters},
  volume={6},
  number={3},
  pages={4947--4954},
  year={2021},
  publisher={IEEE}
}

@article{zhu2018multivehicle,
  title={The multivehicle stereo event camera dataset: An event camera dataset for 3D perception},
  author={Zhu, Alex Zihao and Thakur, Dinesh and {\"O}zaslan, Tolga and Pfrommer, Bernd and Kumar, Vijay and Daniilidis, Kostas},
  journal={IEEE Robotics and Automation Letters},
  volume={3},
  number={3},
  pages={2032--2039},
  year={2018},
  publisher={IEEE}
}


@article{pearce2023multi,
  title={Multi-object tracking with mmwave radar: A review},
  author={Pearce, Andre and Zhang, J Andrew and Xu, Richard and Wu, Kai},
  journal={Electronics},
  volume={12},
  number={2},
  pages={308},
  year={2023},
  publisher={MDPI}
}

@article{sengupta2022robust,
  title={Robust multiobject tracking using mmwave radar-camera sensor fusion},
  author={Sengupta, Arindam and Cheng, Lei and Cao, Siyang},
  journal={IEEE Sensors Letters},
  volume={6},
  number={10},
  pages={1--4},
  year={2022},
  publisher={IEEE}
}

@inproceedings{mobus2004multi,
  title={Multi-target multi-object tracking, sensor fusion of radar and infrared},
  author={Mobus, Rainer and Kolbe, Uli},
  booktitle={IEEE Intelligent Vehicles Symposium, 2004},
  pages={732--737},
  year={2004},
  organization={IEEE}
}

@article{sayyah2022fully,
  title={Fully integrated FMCW LiDAR optical engine on a single silicon chip},
  author={Sayyah, Keyvan and Sarkissian, Raymond and Patterson, Pamela and Huang, Biqin and Efimov, Oleg and Kim, Danny and Elliott, Ken and Yang, Louis and Hammon, David},
  journal={Journal of Lightwave Technology},
  volume={40},
  number={9},
  pages={2763--2772},
  year={2022},
  publisher={IEEE}
}

@article{kim2020fmcw,
  title={FMCW LiDAR system to reduce hardware complexity and post-processing techniques to improve distance resolution},
  author={Kim, Chankyu and Jung, Yunho and Lee, Seongjoo},
  journal={Sensors},
  volume={20},
  number={22},
  pages={6676},
  year={2020},
  publisher={MDPI}
}

@article{xu2019fmcw,
  title={FMCW lidar using phase-diversity coherent detection to avoid signal aliasing},
  author={Xu, Zhongyang and Zhang, Hongxiang and Chen, Kai and Zhu, Dan and Pan, Shilong},
  journal={IEEE Photonics Technology Letters},
  volume={31},
  number={22},
  pages={1822--1825},
  year={2019},
  publisher={IEEE}
}

@inproceedings{cao2018extended,
  title={Extended object tracking using automotive radar},
  author={Cao, Xiaomeng and Lan, Jian and Li, X Rong and Liu, Yu},
  booktitle={2018 21st International Conference on Information Fusion (FUSION)},
  pages={1--5},
  year={2018},
  organization={IEEE}
}

@article{tan20223,
  title={3-D object detection for multiframe 4-D automotive millimeter-wave radar point cloud},
  author={Tan, Bin and Ma, Zhixiong and Zhu, Xichan and Li, Sen and Zheng, Lianqing and Chen, Sihan and Huang, Libo and Bai, Jie},
  journal={IEEE Sensors Journal},
  volume={23},
  number={11},
  pages={11125--11138},
  year={2022},
  publisher={IEEE}
}

@inproceedings{xu2021rpfa,
  title={RPFA-Net: A 4D radar pillar feature attention network for 3D object detection},
  author={Xu, Baowei and Zhang, Xinyu and Wang, Li and Hu, Xiaomei and Li, Zhiwei and Pan, Shuyue and Li, Jun and Deng, Yongqiang},
  booktitle={2021 IEEE International Intelligent Transportation Systems Conference (ITSC)},
  pages={3061--3066},
  year={2021},
  organization={IEEE}
}

@article{xia2021learning,
  title={Learning-based extended object tracking using hierarchical truncation measurement model with automotive radar},
  author={Xia, Yuxuan and Wang, Pu and Berntorp, Karl and Svensson, Lennart and Granstr{\"o}m, Karl and Mansour, Hassan and Boufounos, Petros and Orlik, Philip V},
  journal={IEEE Journal of Selected Topics in Signal Processing},
  volume={15},
  number={4},
  pages={1013--1029},
  year={2021},
  publisher={IEEE}
}

@inproceedings{lim2023orora,
  title={Orora: Outlier-robust radar odometry},
  author={Lim, Hyungtae and Han, Kawon and Shin, Gunhee and Kim, Giseop and Hong, Songcheol and Myung, Hyun},
  booktitle={2023 IEEE International Conference on Robotics and Automation (ICRA)},
  pages={2046--2053},
  year={2023},
  organization={IEEE}
}

@article{mueggler2018continuous,
  title={Continuous-time visual-inertial odometry for event cameras},
  author={Mueggler, Elias and Gallego, Guillermo and Rebecq, Henri and Scaramuzza, Davide},
  journal={IEEE Transactions on Robotics},
  volume={34},
  number={6},
  pages={1425--1440},
  year={2018},
  publisher={IEEE}
}