@article{sorensen2024roadmap,
      title={A Roadmap to Pluralistic Alignment}, 
      author={Taylor Sorensen and Jared Moore and Jillian Fisher and Mitchell Gordon and Niloofar Mireshghallah and Christopher Michael Rytting and Andre Ye and Liwei Jiang and Ximing Lu and Nouha Dziri and Tim Althoff and Yejin Choi},
      year={2024},
      eprint={2402.05070},
      journal={arXiv},
      primaryClass={cs.AI}
}

@article{munos2023nash,
      title={Nash Learning from Human Feedback}, 
      author={Rémi Munos and Michal Valko and Daniele Calandriello and Mohammad Gheshlaghi Azar and Mark Rowland and Zhaohan Daniel Guo and Yunhao Tang and Matthieu Geist and Thomas Mesnard and Andrea Michi and Marco Selvi and Sertan Girgin and Nikola Momchev and Olivier Bachem and Daniel J. Mankowitz and Doina Precup and Bilal Piot},
      year={2023},
      eprint={2312.00886},
      journal={arXiv},
      primaryClass={stat.ML}
}

@article{kuhn2023semantic,
      title={Semantic Uncertainty: Linguistic Invariances for Uncertainty Estimation in Natural Language Generation}, 
      author={Lorenz Kuhn and Yarin Gal and Sebastian Farquhar},
      year={2023},
      eprint={2302.09664},
      journal={arXiv},
      primaryClass={cs.CL}
}

@article{zhu2024iterative,
      title={Iterative Data Smoothing: Mitigating Reward Overfitting and Overoptimization in RLHF}, 
      author={Banghua Zhu and Michael I. Jordan and Jiantao Jiao},
      year={2024},
      eprint={2401.16335},
      journal={arXiv},
      primaryClass={cs.LG}
}

@article{xu2023shattering,
      title={Shattering the Agent-Environment Interface for Fine-Tuning Inclusive Language Models}, 
      author={Wanqiao Xu and Shi Dong and Dilip Arumugam and Benjamin Van Roy},
      year={2023},
      eprint={2305.11455},
      journal={arXiv},
      primaryClass={cs.CL}
}

@article{hejna2023contrastive,
      title={Contrastive Preference Learning: Learning from Human Feedback without RL}, 
      author={Joey Hejna and Rafael Rafailov and Harshit Sikchi and Chelsea Finn and Scott Niekum and W. Bradley Knox and Dorsa Sadigh},
journal={ICLR},
year={2024},
}

@article{xu2024rlhf,
      title={RLHF and IIA: Perverse Incentives}, 
      author={Wanqiao Xu and Shi Dong and Xiuyuan Lu and Grace Lam and Zheng Wen and Benjamin Van Roy},
      year={2024},
      eprint={2312.01057},
      journal={arXiv},
      primaryClass={cs.LG}
}

@article{kirk2024understanding,
      title={Understanding the Effects of RLHF on LLM Generalisation and Diversity}, 
      author={Robert Kirk and Ishita Mediratta and Christoforos Nalmpantis and Jelena Luketina and Eric Hambro and Edward Grefenstette and Roberta Raileanu},
      year={2024},
      eprint={2310.06452},
      journal={arXiv},
      primaryClass={cs.LG}
}

@article{knox2023models,
      title={Models of human preference for learning reward functions}, 
      author={W. Bradley Knox and Stephane Hatgis-Kessell and Serena Booth and Scott Niekum and Peter Stone and Alessandro Allievi},
      year={2023},
      eprint={2206.02231},
      journal={arXiv},
      primaryClass={cs.LG}
}

@article{lanctot2023evaluating,
      title={Evaluating Agents using Social Choice Theory}, 
      author={Marc Lanctot and Kate Larson and Yoram Bachrach and Luke Marris and Zun Li and Avishkar Bhoopchand and Thomas Anthony and Brian Tanner and Anna Koop},
      year={2023},
      eprint={2312.03121},
      journal={arXiv},
      primaryClass={cs.AI}
}


@article{zhao2023slichf,
      title={SLiC-HF: Sequence Likelihood Calibration with Human Feedback}, 
      author={Yao Zhao and Rishabh Joshi and Tianqi Liu and Misha Khalman and Mohammad Saleh and Peter J. Liu},
      year={2023},
      eprint={2305.10425},
      journal={arXiv},
      primaryClass={cs.CL}
}

@article{liu2024statistical,
      title={Statistical Rejection Sampling Improves Preference Optimization}, 
      author={Tianqi Liu and Yao Zhao and Rishabh Joshi and Misha Khalman and Mohammad Saleh and Peter J. Liu and Jialu Liu},
      year={2024},
      eprint={2309.06657},
      journal={arXiv},
      primaryClass={cs.CL}
}

@article{dong2023raft,
      title={RAFT: Reward rAnked FineTuning for Generative Foundation Model Alignment}, 
      author={Hanze Dong and Wei Xiong and Deepanshu Goyal and Yihan Zhang and Winnie Chow and Rui Pan and Shizhe Diao and Jipeng Zhang and Kashun Shum and Tong Zhang},
journal={TMLR},
      year={2023},
}

@article{gulcehre2023reinforced,
      title={Reinforced Self-Training (ReST) for Language Modeling}, 
      author={Caglar Gulcehre and Tom Le Paine and Srivatsan Srinivasan and Ksenia Konyushkova and Lotte Weerts and Abhishek Sharma and Aditya Siddhant and Alex Ahern and Miaosen Wang and Chenjie Gu and Wolfgang Macherey and Arnaud Doucet and Orhan Firat and Nando de Freitas},
      year={2023},
      eprint={2308.08998},
      journal={arXiv},
      primaryClass={cs.CL}
}

@article{azar2023general,
      title={A General Theoretical Paradigm to Understand Learning from Human Preferences}, 
      author={Mohammad Gheshlaghi Azar and Mark Rowland and Bilal Piot and Daniel Guo and Daniele Calandriello and Michal Valko and Rémi Munos},
      year={2023},
      eprint={2310.12036},
      journal={arXiv},
      primaryClass={cs.AI}
}

@article{Christiano2017DeepRL,
  title={Deep Reinforcement Learning from Human Preferences},
  author={Paul Francis Christiano and Jan Leike and Tom B. Brown and Miljan Martic and Shane Legg and Dario Amodei},
  journal={ArXiv},
  year={2017},
  volume={abs/1706.03741},
}

@article{schulman2022chatgpt,
  author       = {Schulman, J. and Zoph, B. and Kim, C. and others},
  title        = {ChatGPT: Optimizing Language Models for Dialogue},
  year         = 2022,
  howpublished = {\url{https://openai.com/blog/chatgpt/}},
  note         = {Accessed: 2024-05-20}
}

@article{bai2022training,
  title={Training a helpful and harmless assistant with reinforcement learning from human feedback},
  author={Bai, Yuntao and Jones, Andy and Ndousse, Kamal and Askell, Amanda and Chen, Anna and DasSarma, Nova and Drain, Dawn and Fort, Stanislav and Ganguli, Deep and Henighan, Tom and others},
  journal={arXiv},
  year={2022}
}

@article{Kaufmann2023ASO,
  title={A Survey of Reinforcement Learning from Human Feedback},
  author={Timo Kaufmann and Paul Weng and Viktor Bengs and Eyke H{\"u}llermeier},
  journal={ArXiv},
  year={2023},
  volume={abs/2312.14925},
}

@article{Minaee2024LargeLM,
  title={Large Language Models: A Survey},
  author={Shervin Minaee and Tom{\'a}vs Mikolov and Narjes Nikzad and Meysam Asgari Chenaghlu and Richard Socher and Xavier Amatriain and Jianfeng Gao},
  journal={ArXiv},
  year={2024},
  volume={abs/2402.06196},
}

@article{Ouyang2022TrainingLM,
  title={Training language models to follow instructions with human feedback},
  author={Long Ouyang and Jeff Wu and Xu Jiang and Diogo Almeida and Carroll L. Wainwright and Pamela Mishkin and Chong Zhang and Sandhini Agarwal and Katarina Slama and Alex Ray and John Schulman and Jacob Hilton and Fraser Kelton and Luke E. Miller and Maddie Simens and Amanda Askell and Peter Welinder and Paul Francis Christiano and Jan Leike and Ryan J. Lowe},
  journal={ArXiv},
  year={2022},
  volume={abs/2203.02155},
}

@article{h4stackexchange,
  author = {Lambert, Nathan and Tunstall, Lewis and Rajani, Nazneen and Thrush, Tristan},
  title = {HuggingFace H4 Stack Exchange Preference Dataset},
  year = {2023},
  url = {https://huggingface.co/datasets/HuggingFaceH4/stack-exchange-preferences},
}

@inproceedings{Ethayarajh2021UnderstandingDD,
  title={Understanding Dataset Difficulty with V-Usable Information},
  author={Kawin Ethayarajh and Yejin Choi and Swabha Swayamdipta},
  booktitle={ICML},
year={2022},
}

@article{Kopf2023OpenAssistantC,
  title={OpenAssistant Conversations - Democratizing Large Language Model Alignment},
  author={Andreas Kopf and Yannic Kilcher and Dimitri von Rutte and Sotiris Anagnostidis and Zhi Rui Tam and Keith Stevens and Abdullah Barhoum and Nguyen Minh Duc and Oliver Stanley and Rich'ard Nagyfi and ES Shahul and Sameer Suri and David Glushkov and Arnav Dantuluri and Andrew Maguire and Christoph Schuhmann and Huu Nguyen and Alexander Mattick},
  journal={ArXiv},
  year={2023},
  volume={abs/2304.07327},
}

@article{Wang2023EnablingLM,
  title={Enabling Language Models to Implicitly Learn Self-Improvement},
  author={Ziqi Wang and Le Hou and Tianjian Lu and Yuexin Wu and Yunxuan Li and Hongkun Yu and Heng Ji},
journal={ICLR},
  year={2024},
}

@article{Razin2023VanishingGI,
  title={Vanishing Gradients in Reinforcement Finetuning of Language Models},
  author={Noam Razin and Hattie Zhou and Omid Saremi and Vimal Thilak and Arwen Bradley and Preetum Nakkiran and Josh Susskind and Etai Littwin},
journal={ICLR},
year={2024},
}

@article{Tran2022PlexTR,
  title={Plex: Towards Reliability using Pretrained Large Model Extensions},
  author={Dustin Tran and Jeremiah Zhe Liu and Michael W. Dusenberry and Du Phan and Mark Collier and Jie Jessie Ren and Kehang Han and Z. Wang and Zelda E. Mariet and Huiyi Hu and Neil Band and Tim G. J. Rudner and K. Singhal and Zachary Nado and Joost R. van Amersfoort and Andreas Kirsch and Rodolphe Jenatton and Nithum Thain and Honglin Yuan and E. Kelly Buchanan and Kevin Murphy and D. Sculley and Yarin Gal and Zoubin Ghahramani and Jasper Snoek and Balaji Lakshminarayanan},
journal={ICML},
year={2022},
}

@inproceedings{Krause2020GeDiGD,
  title={GeDi: Generative Discriminator Guided Sequence Generation},
  author={Ben Krause and Akhilesh Deepak Gotmare and Bryan McCann and Nitish Shirish Keskar and Shafiq R. Joty and Richard Socher and Nazneen Rajani},
  booktitle={EMNLP},
  year={2020},
}

@inproceedings{ranganath2014black,
  title={Black box variational inference},
  author={Ranganath, Rajesh and Gerrish, Sean and Blei, David},
  booktitle={Artificial intelligence and statistics},
  pages={814--822},
  year={2014},
  organization={PMLR}
}

@article{Dhariwal2021DiffusionMB,
  title={Diffusion Models Beat GANs on Image Synthesis},
  author={Prafulla Dhariwal and Alex Nichol},
  journal={NeurIPS},
  year={2021},
}

@article{Ho2022ClassifierFreeDG,
  title={Classifier-Free Diffusion Guidance},
  author={Jonathan Ho},
journal={NeurIPS Workshop on Deep Generative Models and Downstream Applications},
year={2022},
}

@article{Finkelstein2023MBRAQ,
  title={MBR and QE Finetuning: Training-time Distillation of the Best and Most Expensive Decoding Methods},
  author={Mara Finkelstein and Markus Freitag},
  journal={ICLR},
  year={2024},
}

@article{Stiennon2020LearningTS,
  title={Learning to summarize from human feedback},
  author={Nisan Stiennon and Long Ouyang and Jeff Wu and Daniel M. Ziegler and Ryan J. Lowe and Chelsea Voss and Alec Radford and Dario Amodei and Paul Christiano},
  journal={ArXiv},
  year={2020},
  volume={abs/2009.01325},
}

@article{bradley1952rank,
  title={Rank analysis of incomplete block designs: I. the method of paired comparisons},
  author={Bradley, Ralph Allan and Terry, Milton E.},
  journal={Biometrika},
  volume={39},
  number={3/4},
  pages={324--345},
  year={1952},
  doi={10.2307/2334029}
}

@article{Biderman2023PythiaAS,
  title={Pythia: A Suite for Analyzing Large Language Models Across Training and Scaling},
  author={Stella Biderman and Hailey Schoelkopf and Quentin G. Anthony and Herbie Bradley and Kyle O'Brien and Eric Hallahan and Mohammad Aflah Khan and Shivanshu Purohit and USVSN Sai Prashanth and Edward Raff and Aviya Skowron and Lintang Sutawika and Oskar van der Wal},
  journal={ArXiv},
  year={2023},
  volume={abs/2304.01373},
  url={https://api.semanticscholar.org/CorpusID:257921893}
}

@article{Jiang2023Mistral7,
  title={Mistral 7B},
  author={Albert Qiaochu Jiang and Alexandre Sablayrolles and Arthur Mensch and Chris Bamford and Devendra Singh Chaplot and Diego de Las Casas and Florian Bressand and Gianna Lengyel and Guillaume Lample and Lucile Saulnier and L'elio Renard Lavaud and Marie-Anne Lachaux and Pierre Stock and Teven Le Scao and Thibaut Lavril and Thomas Wang and Timoth{\'e}e Lacroix and William El Sayed},
  journal={ArXiv},
  year={2023},
  volume={abs/2310.06825},
  url={https://api.semanticscholar.org/CorpusID:263830494}
}

@article{vonwerra2022trl,
  author = {Leandro von Werra and Younes Belkada and Lewis Tunstall and Edward Beeching and Tristan Thrush and Nathan Lambert and Shengyi Huang},
  title = {TRL: Transformer Reinforcement Learning},
  year = {2020},
  publisher = {GitHub},
  journal = {GitHub repository},
  howpublished = {\url{https://github.com/huggingface/trl}}
}

@article{alpaca_eval,
  author = {Xuechen Li and Tianyi Zhang and Yann Dubois and Rohan Taori and Ishaan Gulrajani and Carlos Guestrin and Percy Liang and Tatsunori B. Hashimoto },
  title = {AlpacaEval: An Automatic Evaluator of Instruction-following Models},
  year = {2023},
  publisher = {GitHub},
  journal = {GitHub repository},
  howpublished = {\url{https://github.com/tatsu-lab/alpaca_eval}}
}

@article{zheng2024judging,
  title={Judging llm-as-a-judge with mt-bench and chatbot arena},
  author={Zheng, Lianmin and Chiang, Wei-Lin and Sheng, Ying and Zhuang, Siyuan and Wu, Zhanghao and Zhuang, Yonghao and Lin, Zi and Li, Zhuohan and Li, Dacheng and Xing, Eric and others},
  journal={NeurIPS},
  volume={36},
  year={2024}
}

@article{yuan2024self,
  title={Self-rewarding language models},
  author={Yuan, Weizhe and Pang, Richard Yuanzhe and Cho, Kyunghyun and Sukhbaatar, Sainbayar and Xu, Jing and Weston, Jason},
  journal={arXiv},
  year={2024}
}

@article{rafailov2024direct,
  title={Direct preference optimization: Your language model is secretly a reward model},
  author={Rafailov, Rafael and Sharma, Archit and Mitchell, Eric and Manning, Christopher D and Ermon, Stefano and Finn, Chelsea},
  journal={NeurIPS},
  volume={36},
  year={2024}
}

@article{ahmadian2024back,
  title={Back to Basics: Revisiting REINFORCE Style Optimization for Learning from Human Feedback in LLMs},
  author={Ahmadian, Arash and Cremer, Chris and Gall{\'e}, Matthias and Fadaee, Marzieh and Kreutzer, Julia and {\"U}st{\"u}n, Ahmet and Hooker, Sara},
  journal={arXiv},
  year={2024}
}

@article{wang2024transforming,
  title={Transforming and Combining Rewards for Aligning Large Language Models},
  author={Wang, Zihao and Nagpal, Chirag and Berant, Jonathan and Eisenstein, Jacob and D'Amour, Alex and Koyejo, Sanmi and Veitch, Victor},
  journal={arXiv},
  year={2024}
}

@article{lanctot2023evaluating,
  title={Evaluating Agents using Social Choice Theory},
  author={Lanctot, Marc and Larson, Kate and Bachrach, Yoram and Marris, Luke and Li, Zun and Bhoopchand, Avishkar and Anthony, Thomas and Tanner, Brian and Koop, Anna},
  journal={arXiv},
  year={2023}
}

@article{mccann2018natural,
  title={The natural language decathlon: Multitask learning as question answering},
  author={McCann, Bryan and Keskar, Nitish Shirish and Xiong, Caiming and Socher, Richard},
  journal={arXiv preprint arXiv:1806.08730},
  year={2018}
}

@article{raffel2020exploring,
  title={Exploring the limits of transfer learning with a unified text-to-text transformer},
  author={Raffel, Colin and Shazeer, Noam and Roberts, Adam and Lee, Katherine and Narang, Sharan and Matena, Michael and Zhou, Yanqi and Li, Wei and Liu, Peter J},
  journal={Journal of machine learning research},
  volume={21},
  number={140},
  pages={1--67},
  year={2020}
}

@article{tnt,
title={Towards Minimal Targeted Updates of Language Models with Targeted Negative Training},
author={Zhang, Lily H. and Ranganath, Rajesh and Tafvizi, Arya},
journal={TMLR},
year={2024},
}

@book{Sugiyama_Suzuki_Kanamori_2012, place={Cambridge}, title={Density Ratio Estimation in Machine Learning}, publisher={Cambridge University Press}, author={Sugiyama, Masashi and Suzuki, Taiji and Kanamori, Takafumi}, year={2012}}

@inproceedings{Korbak2022RLWK,
  title={RL with KL penalties is better viewed as Bayesian inference},
  author={Tomasz Korbak and Ethan Perez and Christopher L. Buckley},
  booktitle={EMNLP},
  year={2022},
}

@article{Mohamed2019MonteCG,
  title={Monte Carlo Gradient Estimation in Machine Learning},
  author={Shakir Mohamed and Mihaela Rosca and Michael Figurnov and Andriy Mnih},
  journal={JMLR},
  year={2020},
}

@article{weng2018PG,
  title   = "Policy Gradient Algorithms",
  author  = "Weng, Lilian",
  journal = "lilianweng.github.io",
  year    = "2018",
  url     = "https://lilianweng.github.io/posts/2018-04-08-policy-gradient/"
}

@inproceedings{jaques2019way,
  title     = {Way Off-Policy Batch Deep Reinforcement Learning of Implicit Human Preferences in Dialog},
  author    = {Natasha Jaques and Asma Ghandeharioun and Judy Hanwen Shen and Craig Ferguson and Agata Lapedriza and Noah Jones and Shixiang Gu and Rosalind Picard},
  booktitle = {ArXiv},
  year      = {2019}
}

@article{Blei_2017,
   title={Variational Inference: A Review for Statisticians},
   journal={JASA},
   author={Blei, David M. and Kucukelbir, Alp and McAuliffe, Jon D.},
   year={2017},
}

@article{pmlr-v162-ethayarajh22a,
  title = 	 {Understanding Dataset Difficulty with $\mathcal{V}$-Usable Information},
  author =       {Ethayarajh, Kawin and Choi, Yejin and Swayamdipta, Swabha},
  journal = 	 {ICML},
  year = 	 {2022},
  editor = 	 {Chaudhuri, Kamalika and Jegelka, Stefanie and Song, Le and Szepesvari, Csaba and Niu, Gang and Sabato, Sivan},
}

@article{Chen2024PreferenceLA,
  title={Preference Learning Algorithms Do Not Learn Preference Rankings},
  author={Angelica Chen and Sadhika Malladi and Lily H. Zhang and Xinyi Chen and Qiuyi Zhang and Rajesh Ranganath and Kyunghyun Cho},
  journal={NeurIPS},
  year={2024},
}

@article{openai2024gpt4technicalreport,
      title={GPT-4 Technical Report}, 
      author={OpenAI},
      year={2024},
      journal={arXiv},
}

@article{ivison2024unpackingdpoppodisentangling,
      title={Unpacking DPO and PPO: Disentangling Best Practices for Learning from Preference Feedback}, 
      author={Hamish Ivison and Yizhong Wang and Jiacheng Liu and Zeqiu Wu and Valentina Pyatkin and Nathan Lambert and Noah A. Smith and Yejin Choi and Hannaneh Hajishirzi},
      year={2024},
      journal={NeurIPS},
}

@article{tajwar2024preferencefinetuningllmsleverage,
      title={Preference Fine-Tuning of LLMs Should Leverage Suboptimal, On-Policy Data}, 
      author={Fahim Tajwar and Anikait Singh and Archit Sharma and Rafael Rafailov and Jeff Schneider and Tengyang Xie and Stefano Ermon and Chelsea Finn and Aviral Kumar},
      year={2024},
      journal={ICML}
}

@article{kirk2024understandingeffectsrlhfllm,
      title={Understanding the Effects of RLHF on LLM Generalisation and Diversity}, 
      author={Robert Kirk and Ishita Mediratta and Christoforos Nalmpantis and Jelena Luketina and Eric Hambro and Edward Grefenstette and Roberta Raileanu},
      year={2024},
      journal={ICLR},
}

@article{mohamed2020montecarlogradientestimation,
      title={Monte Carlo Gradient Estimation in Machine Learning}, 
      author={Shakir Mohamed and Mihaela Rosca and Michael Figurnov and Andriy Mnih},
      year={2020},
      journal={JMLR}
}

@article{naesseth2021markovianscoreclimbingvariational,
      title={Markovian Score Climbing: Variational Inference with KL(p$||$q)}, 
      author={Christian A. Naesseth and Fredrik Lindsten and David Blei},
      year={2020},
      journal={NeurIPS},
}

@article{gui2024bonbonalignmentlargelanguage,
      title={BoNBoN Alignment for Large Language Models and the Sweetness of Best-of-n Sampling}, 
      author={Lin Gui and Cristina Gârbacea and Victor Veitch},
      year={2024},
      journal={NeurIPS},
}

@misc{huang2024correctingmythosklregularizationdirect,
      title={Correcting the Mythos of KL-Regularization: Direct Alignment without Overoptimization via Chi-Squared Preference Optimization}, 
      author={Audrey Huang and Wenhao Zhan and Tengyang Xie and Jason D. Lee and Wen Sun and Akshay Krishnamurthy and Dylan J. Foster},
      year={2024},
      eprint={2407.13399},
      archivePrefix={arXiv},
      primaryClass={cs.AI},
      url={https://arxiv.org/abs/2407.13399}, 
}


@article{pmlr-v235-tang24b,
  title = 	 {Generalized Preference Optimization: A Unified Approach to Offline Alignment},
  author =       {Tang, Yunhao and Guo, Zhaohan Daniel and Zheng, Zeyu and Calandriello, Daniele and Munos, Remi and Rowland, Mark and Richemond, Pierre Harvey and Valko, Michal and Avila Pires, Bernardo and Piot, Bilal},
  year = 	 {2024},
  journal={ICML},
}

@article{xu2024contrastivepreferenceoptimizationpushing,
      title={Contrastive Preference Optimization: Pushing the Boundaries of LLM Performance in Machine Translation}, 
      author={Haoran Xu and Amr Sharaf and Yunmo Chen and Weiting Tan and Lingfeng Shen and Benjamin Van Durme and Kenton Murray and Young Jin Kim},
      year={2024},
      journal={ICML}}

@misc{rosset2024directnashoptimizationteaching,
      title={Direct Nash Optimization: Teaching Language Models to Self-Improve with General Preferences}, 
      author={Corby Rosset and Ching-An Cheng and Arindam Mitra and Michael Santacroce and Ahmed Awadallah and Tengyang Xie},
      year={2024},
      archivePrefix={arXiv},
}

@article{swamy2024minimaximalistapproachreinforcementlearning,
      title={A Minimaximalist Approach to Reinforcement Learning from Human Feedback}, 
      author={Gokul Swamy and Christoph Dann and Rahul Kidambi and Zhiwei Steven Wu and Alekh Agarwal},
      year={2024},
      journal={ICML},
}

@misc{ye2024onlineiterativereinforcementlearning,
      title={Online Iterative Reinforcement Learning from Human Feedback with General Preference Model}, 
      author={Chenlu Ye and Wei Xiong and Yuheng Zhang and Hanze Dong and Nan Jiang and Tong Zhang},
      year={2024},
      archivePrefix={arXiv},
}

@misc{jiang2024surveyhumanpreferencelearning,
      title={A Survey on Human Preference Learning for Large Language Models}, 
      author={Ruili Jiang and Kehai Chen and Xuefeng Bai and Zhixuan He and Juntao Li and Muyun Yang and Tiejun Zhao and Liqiang Nie and Min Zhang},
      year={2024},
      eprint={2406.11191},
      archivePrefix={arXiv},
      primaryClass={cs.CL},
      url={https://arxiv.org/abs/2406.11191}, 
}

@misc{xu2024thingscringeothersiterative,
      title={Some things are more CRINGE than others: Iterative Preference Optimization with the Pairwise Cringe Loss}, 
      author={Jing Xu and Andrew Lee and Sainbayar Sukhbaatar and Jason Weston},
      year={2024},
      eprint={2312.16682},
      archivePrefix={arXiv},
      primaryClass={cs.CL},
      url={https://arxiv.org/abs/2312.16682}, 
}

@misc{pal2024smaugfixingfailuremodes,
      title={Smaug: Fixing Failure Modes of Preference Optimisation with DPO-Positive}, 
      author={Arka Pal and Deep Karkhanis and Samuel Dooley and Manley Roberts and Siddartha Naidu and Colin White},
      year={2024},
      eprint={2402.13228},
      archivePrefix={arXiv},
      primaryClass={cs.CL},
      url={https://arxiv.org/abs/2402.13228}, 
}

@misc{razin2024unintentionalunalignmentlikelihooddisplacement,
      title={Unintentional Unalignment: Likelihood Displacement in Direct Preference Optimization}, 
      author={Noam Razin and Sadhika Malladi and Adithya Bhaskar and Danqi Chen and Sanjeev Arora and Boris Hanin},
      year={2024},
      eprint={2410.08847},
      archivePrefix={arXiv},
      primaryClass={cs.LG},
      url={https://arxiv.org/abs/2410.08847}, 
}

@misc{singhal2024longwaygoinvestigating,
      title={A Long Way to Go: Investigating Length Correlations in RLHF}, 
      author={Prasann Singhal and Tanya Goyal and Jiacheng Xu and Greg Durrett},
      year={2024},
      eprint={2310.03716},
      archivePrefix={arXiv},
      primaryClass={cs.CL},
      url={https://arxiv.org/abs/2310.03716}, 
}

@misc{rafailov2024scalinglawsrewardmodel,
      title={Scaling Laws for Reward Model Overoptimization in Direct Alignment Algorithms}, 
      author={Rafael Rafailov and Yaswanth Chittepu and Ryan Park and Harshit Sikchi and Joey Hejna and Bradley Knox and Chelsea Finn and Scott Niekum},
      year={2024},
      eprint={2406.02900},
      archivePrefix={arXiv},
      primaryClass={cs.LG},
      url={https://arxiv.org/abs/2406.02900}, 
}

@misc{liu2024understandingreferencepoliciesdirect,
      title={Understanding Reference Policies in Direct Preference Optimization}, 
      author={Yixin Liu and Pengfei Liu and Arman Cohan},
      year={2024},
      eprint={2407.13709},
      archivePrefix={arXiv},
      primaryClass={cs.CL},
      url={https://arxiv.org/abs/2407.13709}, 
}

@article{Awasthi2022MultiClassH,
  title={Multi-Class H -Consistency Bounds},
  author={Pranjal Awasthi and Anqi Mao and Mehryar Mohri and Yutao Zhong},
  year={2022},
  journal={NeurIPS},
}

@article{Steinwart2007,
  author    = {Ingo Steinwart},
  title     = {How to compare different loss functions and their risks},
  journal   = {Constructive Approximation},
  volume    = {26},
  number    = {2},
  pages     = {225--287},
  year      = {2007},
  publisher = {Springer},
  doi       = {10.1007/s00365-006-0668-8}
}


@article{bridle1990probabilistic,
  author       = {Bridle, J.S.},
  title        = {Probabilistic Interpretation of Feedforward Classification Network Outputs, with Relationships to Statistical Pattern Recognition},
  journal    = {Neurocomputing},
  year         = {1990},
}


@article{li2023self,
  title={Self-alignment with instruction backtranslation},
  author={Li, Xian and Yu, Ping and Zhou, Chunting and Schick, Timo and Levy, Omer and Zettlemoyer, Luke and Weston, Jason and Lewis, Mike},
  journal={arXiv preprint arXiv:2308.06259},
  year={2023}
}

@article{han2024f,
  title={$ f $-PO: Generalizing Preference Optimization with $ f $-divergence Minimization},
  author={Han, Jiaqi and Jiang, Mingjian and Song, Yuxuan and Leskovec, Jure and Ermon, Stefano and Xu, Minkai},
  journal={arXiv preprint arXiv:2410.21662},
  year={2024}
}
@article{ji2024towards,
  title={Towards efficient and exact optimization of language model alignment},
  author={Ji, Haozhe and Lu, Cheng and Niu, Yilin and Ke, Pei and Wang, Hongning and Zhu, Jun and Tang, Jie and Huang, Minlie},
  journal={arXiv preprint arXiv:2402.00856},
  year={2024}
}
@article{awasthi2021calibration,
  title={Calibration and consistency of adversarial surrogate losses},
  author={Awasthi, Pranjal and Frank, Natalie and Mao, Anqi and Mohri, Mehryar and Zhong, Yutao},
  journal={Advances in Neural Information Processing Systems},
  volume={34},
  pages={9804--9815},
  year={2021}
}

@article{brandfonbrener2021quantile,
  title={Quantile filtered imitation learning},
  author={Brandfonbrener, David and Whitney, William F and Ranganath, Rajesh and Bruna, Joan},
  journal={arXiv preprint arXiv:2112.00950},
  year={2021}
}

@article{rafailov2024from,
  title={From $r$ to $Q^*$: Your Language Model is Secretly a Q-Function},
  author={Rafailov, Rafael and Hejna, Joey and Park, Ryan and Finn, Chelsea},
  journal={COLM},
  year={2024}
}

@misc{guo2024directlanguagemodelalignment,
      title={Direct Language Model Alignment from Online AI Feedback}, 
      author={Shangmin Guo and Biao Zhang and Tianlin Liu and Tianqi Liu and Misha Khalman and Felipe Llinares and Alexandre Rame and Thomas Mesnard and Yao Zhao and Bilal Piot and Johan Ferret and Mathieu Blondel},
      year={2024},
      eprint={2402.04792},
      archivePrefix={arXiv},
      primaryClass={cs.AI},
      url={https://arxiv.org/abs/2402.04792}, 
}

@misc{calandriello2024humanalignmentlargelanguage,
      title={Human Alignment of Large Language Models through Online Preference Optimisation}, 
      author={Daniele Calandriello and Daniel Guo and Remi Munos and Mark Rowland and Yunhao Tang and Bernardo Avila Pires and Pierre Harvey Richemond and Charline Le Lan and Michal Valko and Tianqi Liu and Rishabh Joshi and Zeyu Zheng and Bilal Piot},
      year={2024},
      eprint={2403.08635},
      archivePrefix={arXiv},
      primaryClass={cs.LG},
      url={https://arxiv.org/abs/2403.08635}, 
}