@inproceedings{10.5555/3237383.3238080,
  author = {Sunehag, Peter and Lever, Guy and Gruslys, Audrunas and Czarnecki, Wojciech Marian and Zambaldi, Vinicius and Jaderberg, Max and Lanctot, Marc and Sonnerat, Nicolas and Leibo, Joel Z. and Tuyls, Karl and Graepel, Thore},
  title = {Value-Decomposition Networks For Cooperative Multi-Agent Learning Based On Team Reward},
  year = {2018},
  publisher = {International Foundation for Autonomous Agents and Multiagent Systems},
  address = {Richland, SC},
  booktitle = {Proceedings of the 17th International Conference on Autonomous Agents and MultiAgent Systems},
  pages = {2085â€“2087},
  numpages = {3},
  keywords = {collaborative, dqn, multi-agent, neural networks, q-learning, reinforcement learning, value-decomposition},
  location = {Stockholm, Sweden},
  series = {AAMAS '18}
}

@article{gou2021knowledge,
  title={Knowledge distillation: A survey},
  author={Gou, Jianping and Yu, Baosheng and Maybank, Stephen J and Tao, Dacheng},
  journal={International Journal of Computer Vision},
  volume={129},
  number={6},
  pages={1789--1819},
  year={2021},
  publisher={Springer}
}

@misc{hinton2015distillingknowledgeneuralnetwork,
  title={Distilling the Knowledge in a Neural Network}, 
  author={Geoffrey Hinton and Oriol Vinyals and Jeff Dean},
  year={2015},
  eprint={1503.02531},
  archivePrefix={arXiv},
  primaryClass={stat.ML},
  url={https://arxiv.org/abs/1503.02531}, 
}

@article{hong2022rethinking,
  title={Rethinking individual global max in cooperative multi-agent reinforcement learning},
  author={Hong, Yitian and Jin, Yaochu and Tang, Yang},
  journal={Advances in neural information processing systems},
  volume={35},
  pages={32438--32449},
  year={2022}
}

@article{huang2024optimistic,
  title={Optimistic sequential multi-agent reinforcement learning with motivational communication},
  author={Huang, Anqi and Wang, Yongli and Zhou, Xiaoliang and Zou, Haochen and Dong, Xu and Che, Xun},
  journal={Neural Networks},
  volume={179},
  pages={106547},
  year={2024},
  publisher={Elsevier}
}

@inproceedings{ijcai2024p0004,
  title     = {PTDE: Personalized Training with Distilled Execution for Multi-Agent Reinforcement Learning},
  author    = {Chen, Yiqun and Mao, Hangyu and Mao, Jiaxin and Wu, Shiguang and Zhang, Tianle and Zhang, Bin and Yang, Wei and Chang, Hongxing},
  booktitle = {Proceedings of the Thirty-Third International Joint Conference on
               Artificial Intelligence, {IJCAI-24}},
  publisher = {International Joint Conferences on Artificial Intelligence Organization},
  editor    = {Kate Larson},
  pages     = {31--39},
  year      = {2024},
  month     = {8},
  note      = {Main Track},
  doi       = {10.24963/ijcai.2024/4},
  url       = {https://doi.org/10.24963/ijcai.2024/4},
}

@article{oroojlooy2023review,
  title={A review of cooperative multi-agent deep reinforcement learning},
  author={Oroojlooy, Afshin and Hajinezhad, Davood},
  journal={Applied Intelligence},
  volume={53},
  number={11},
  pages={13677--13722},
  year={2023},
  publisher={Springer}
}

@article{rashid2020monotonic,
  title={Monotonic value function factorisation for deep multi-agent reinforcement learning},
  author={Rashid, Tabish and Samvelyan, Mikayel and De Witt, Christian Schroeder and Farquhar, Gregory and Foerster, Jakob and Whiteson, Shimon},
  journal={Journal of Machine Learning Research},
  volume={21},
  number={178},
  pages={1--51},
  year={2020}
}

@article{rashid2020weighted,
  title={Weighted qmix: Expanding monotonic value function factorisation for deep multi-agent reinforcement learning},
  author={Rashid, Tabish and Farquhar, Gregory and Peng, Bei and Whiteson, Shimon},
  journal={Advances in neural information processing systems},
  volume={33},
  pages={10199--10210},
  year={2020}
}

@article{rusu2015policy,
  title={Policy distillation},
  author={Rusu, Andrei A and Colmenarejo, Sergio Gomez and Gulcehre, Caglar and Desjardins, Guillaume and Kirkpatrick, James and Pascanu, Razvan and Mnih, Volodymyr and Kavukcuoglu, Koray and Hadsell, Raia},
  journal={arXiv preprint arXiv:1511.06295},
  year={2015}
}

@inproceedings{son2019qtran,
  title={Qtran: Learning to factorize with transformation for cooperative multi-agent reinforcement learning},
  author={Son, Kyunghwan and Kim, Daewoo and Kang, Wan Ju and Hostallero, David Earl and Yi, Yung},
  booktitle={International conference on machine learning},
  pages={5887--5896},
  year={2019},
  organization={PMLR}
}

@misc{tan2023goexplore,
  title={Go-Explore with a guide: Speeding up search in sparse reward settings with goal-directed intrinsic rewards},
  author={Chong Min John Tan and Mehul Motani},
  year={2023},
  url={https://openreview.net/forum?id=P1MaSJlwdT4}
}

@article{wang2020qplex,
  title={Qplex: Duplex dueling multi-agent q-learning},
  author={Wang, Jianhao and Ren, Zhizhou and Liu, Terry and Yu, Yang and Zhang, Chongjie},
  journal={arXiv preprint arXiv:2008.01062},
  year={2020}
}

@article{wang2021knowledge,
  title={Knowledge distillation and student-teacher learning for visual intelligence: A review and new outlooks},
  author={Wang, Lin and Yoon, Kuk-Jin},
  journal={IEEE transactions on pattern analysis and machine intelligence},
  volume={44},
  number={6},
  pages={3048--3068},
  year={2021},
  publisher={IEEE}
}

@article{wang2023regularization,
  title={Regularization-Adapted Anderson Acceleration for multi-agent reinforcement learning},
  author={Wang, Siying and Chen, Wenyu and Huang, Liwei and Zhang, Fan and Zhao, Zhitong and Qu, Hong},
  journal={Knowledge-Based Systems},
  volume={275},
  pages={110709},
  year={2023},
  publisher={Elsevier}
}

@article{wang2024enhancing,
  title={Enhancing collaboration in multi-agent reinforcement learning with correlated trajectories},
  author={Wang, Siying and Du, Hongfei and Zhou, Yang and Zhao, Zhitong and Zhang, Ruoning and Chen, Wenyu},
  journal={Knowledge-Based Systems},
  volume={305},
  pages={112665},
  year={2024},
  publisher={Elsevier}
}

@article{wong2023deep,
  title={Deep multiagent reinforcement learning: Challenges and directions},
  author={Wong, Annie and B{\"a}ck, Thomas and Kononova, Anna V and Plaat, Aske},
  journal={Artificial Intelligence Review},
  volume={56},
  number={6},
  pages={5023--5056},
  year={2023},
  publisher={Springer}
}

@article{xu2024survey,
  title={A survey on knowledge distillation of large language models},
  author={Xu, Xiaohan and Li, Ming and Tao, Chongyang and Shen, Tao and Cheng, Reynold and Li, Jinyang and Xu, Can and Tao, Dacheng and Zhou, Tianyi},
  journal={arXiv preprint arXiv:2402.13116},
  year={2024}
}

@article{yang2020qatten,
  title={Qatten: A general framework for cooperative multiagent reinforcement learning},
  author={Yang, Yaodong and Hao, Jianye and Liao, Ben and Shao, Kun and Chen, Guangyong and Liu, Wulong and Tang, Hongyao},
  journal={arXiv preprint arXiv:2002.03939},
  year={2020}
}

@article{zhao2022ctds,
  title={CTDS: Centralized Teacher With Decentralized Student for Multiagent Reinforcement Learning},
  author={Zhao, Jian and Hu, Xunhan and Yang, Mingyu and Zhou, Wengang and Zhu, Jiangcheng and Li, Houqiang},
  journal={IEEE Transactions on Games},
  volume={16},
  number={1},
  pages={140--150},
  year={2022},
  publisher={IEEE}
}

@article{zhao2024qdap,
  title={QDAP: Downsizing adaptive policy for cooperative multi-agent reinforcement learning},
  author={Zhao, Zhitong and Zhang, Ya and Wang, Siying and Zhang, Fan and Zhang, Malu and Chen, Wenyu},
  journal={Knowledge-Based Systems},
  volume={294},
  pages={111719},
  year={2024},
  publisher={Elsevier}
}

