@article{krizhevsky2012imagenet,
  title={Imagenet classification with deep convolutional neural networks},
  author={Krizhevsky, Alex and Sutskever, Ilya and Hinton, Geoffrey E},
  journal={Advances in neural information processing systems},
  volume={25},
  year={2012}
}
@inproceedings{liu2022cross,
  title={Cross-architecture knowledge distillation},
  author={Liu, Yufan and Cao, Jiajiong and Li, Bing and Hu, Weiming and Ding, Jingting and Li, Liang},
  booktitle={Proceedings of the Asian conference on computer vision},
  pages={3396--3411},
  year={2022}
}
@inproceedings{lin2022knowledge,
  title={Knowledge distillation via the target-aware transformer},
  author={Lin, Sihao and Xie, Hongwei and Wang, Bing and Yu, Kaicheng and Chang, Xiaojun and Liang, Xiaodan and Wang, Gang},
  booktitle={Proceedings of the IEEE/CVF Conference on Computer Vision and Pattern Recognition},
  pages={10915--10924},
  year={2022}
}
@article{zhan2022stage,
  title={Stage-wise stochastic deep learning inversion framework for subsurface sedimentary structure identification},
  author={Zhan, Chuanjun and Dai, Zhenxue and Soltanian, Mohamad Reza and Zhang, Xiaoying},
  journal={Geophysical research letters},
  volume={49},
  number={1},
  pages={e2021GL095823},
  year={2022},
  publisher={Wiley Online Library}
}
@article{fateh2024advancing,
  title={Advancing Multilingual Handwritten Numeral Recognition With Attention-Driven Transfer Learning},
  author={Fateh, Amirreza and Birgani, Reza Tahmasbi and Fateh, Mansoor and Abolghasemi, Vahid},
  journal={IEEE Access},
  volume={12},
  pages={41381--41395},
  year={2024},
  publisher={IEEE}
}
@inproceedings{fukui2019attention,
  title={Attention branch network: Learning of attention mechanism for visual explanation},
  author={Fukui, Hiroshi and Hirakawa, Tsubasa and Yamashita, Takayoshi and Fujiyoshi, Hironobu},
  booktitle={Proceedings of the IEEE/CVF conference on computer vision and pattern recognition},
  pages={10705--10714},
  year={2019}
}
@inproceedings{zhu2019empirical,
  title={An empirical study of spatial attention mechanisms in deep networks},
  author={Zhu, Xizhou and Cheng, Dazhi and Zhang, Zheng and Lin, Stephen and Dai, Jifeng},
  booktitle={Proceedings of the IEEE/CVF international conference on computer vision},
  pages={6688--6697},
  year={2019}
}
@inproceedings{hu2018squeeze,
  title={Squeeze-and-excitation networks},
  author={Hu, Jie and Shen, Li and Sun, Gang},
  booktitle={Proceedings of the IEEE conference on computer vision and pattern recognition},
  pages={7132--7141},
  year={2018}
}
@article{lai2020dual,
  title={Dual policy distillation},
  author={Lai, Kwei-Herng and Zha, Daochen and Li, Yuening and Hu, Xia},
  journal={arXiv preprint arXiv:2006.04061},
  year={2020}
}
@inproceedings{lu2022transformer,
  title={Transformer for single image super-resolution},
  author={Lu, Zhisheng and Li, Juncheng and Liu, Hong and Huang, Chaoyan and Zhang, Linlin and Zeng, Tieyong},
  booktitle={Proceedings of the IEEE/CVF conference on computer vision and pattern recognition},
  pages={457--466},
  year={2022}
}
@article{heo2022occlusion,
  title={Occlusion-aware spatial attention transformer for occluded object recognition},
  author={Heo, Jiseong and Wang, Yooseung and Park, Jihun},
  journal={Pattern Recognition Letters},
  volume={159},
  pages={70--76},
  year={2022},
  publisher={Elsevier}
}
@article{wang2021not,
  title={Not all images are worth 16x16 words: Dynamic transformers for efficient image recognition},
  author={Wang, Yulin and Huang, Rui and Song, Shiji and Huang, Zeyi and Huang, Gao},
  journal={Advances in neural information processing systems},
  volume={34},
  pages={11960--11973},
  year={2021}
}
@article{devlin2018bert,
  title={Bert: Pre-training of deep bidirectional transformers for language understanding},
  author={Devlin, Jacob and Chang, Ming-Wei and Lee, Kenton and Toutanova, Kristina},
  journal={arXiv preprint arXiv:1810.04805},
  year={2018}
}
@inproceedings{martinez2018taming,
  title={Taming the cross entropy loss},
  author={Martinez, Manuel and Stiefelhagen, Rainer},
  booktitle={German Conference on Pattern Recognition},
  pages={628--637},
  year={2018},
  organization={Springer}
}
@inproceedings{park2019relational,
  title={Relational knowledge distillation},
  author={Park, Wonpyo and Kim, Dongju and Lu, Yan and Cho, Minsu},
  booktitle={Proceedings of the IEEE/CVF Conference on Computer Vision and Pattern Recognition},
  pages={3967--3976},
  year={2019}
}
@inproceedings{cho2019efficacy,
  title={On the efficacy of knowledge distillation},
  author={Cho, Jang Hyun and Hariharan, Bharath},
  booktitle={Proceedings of the IEEE/CVF international conference on computer vision},
  pages={4794--4802},
  year={2019}
}
@article{gou2021knowledge,
  title={Knowledge distillation: A survey},
  author={Gou, Jianping and Yu, Baosheng and Maybank, Stephen J and Tao, Dacheng},
  journal={International Journal of Computer Vision},
  volume={129},
  number={6},
  pages={1789--1819},
  year={2021},
  publisher={Springer}
}
@inproceedings{koizumi2020speech,
  title={Speech enhancement using self-adaptation and multi-head self-attention},
  author={Koizumi, Yuma and Yatabe, Kohei and Delcroix, Marc and Masuyama, Yoshiki and Takeuchi, Daiki},
  booktitle={ICASSP 2020-2020 IEEE International Conference on Acoustics, Speech and Signal Processing (ICASSP)},
  pages={181--185},
  year={2020},
  organization={IEEE}
}
@article{hendrycks2016gaussian,
  title={Gaussian error linear units (gelus)},
  author={Hendrycks, Dan and Gimpel, Kevin},
  journal={arXiv preprint arXiv:1606.08415},
  year={2016}
}
@article{xu2019understanding,
  title={Understanding and improving layer normalization},
  author={Xu, Jingjing and Sun, Xu and Zhang, Zhiyuan and Zhao, Guangxiang and Lin, Junyang},
  journal={Advances in Neural Information Processing Systems},
  volume={32},
  year={2019}
}
@inproceedings{zhang2019fast,
  title={Fast human pose estimation},
  author={Zhang, Feng and Zhu, Xiatian and Ye, Mao},
  booktitle={Proceedings of the IEEE/CVF Conference on Computer Vision and Pattern Recognition},
  pages={3517--3526},
  year={2019}
}
@inproceedings{ioffe2015batch,
  title={Batch normalization: Accelerating deep network training by reducing internal covariate shift},
  author={Ioffe, Sergey and Szegedy, Christian},
  booktitle={International conference on machine learning},
  pages={448--456},
  year={2015},
  organization={PMLR}
}

@article{vaswani2017attention,
  title={Attention is all you need},
  author={Vaswani, Ashish and Shazeer, Noam and Parmar, Niki and Uszkoreit, Jakob and Jones, Llion and Gomez, Aidan N and Kaiser, {\L}ukasz and Polosukhin, Illia},
  journal={Advances in neural information processing systems},
  volume={30},
  year={2017}
}
@article{brown2020language,
  title={Language models are few-shot learners},
  author={Brown, Tom and Mann, Benjamin and Ryder, Nick and Subbiah, Melanie and Kaplan, Jared D and Dhariwal, Prafulla and Neelakantan, Arvind and Shyam, Pranav and Sastry, Girish and Askell, Amanda and others},
  journal={Advances in neural information processing systems},
  volume={33},
  pages={1877--1901},
  year={2020}
}

@inproceedings{wang2018non,
  title={Non-local neural networks},
  author={Wang, Xiaolong and Girshick, Ross and Gupta, Abhinav and He, Kaiming},
  booktitle={Proceedings of the IEEE conference on computer vision and pattern recognition},
  pages={7794--7803},
  year={2018}
}

@inproceedings{carion2020end,
  title={End-to-end object detection with transformers},
  author={Carion, Nicolas and Massa, Francisco and Synnaeve, Gabriel and Usunier, Nicolas and Kirillov, Alexander and Zagoruyko, Sergey},
  booktitle={European conference on computer vision},
  pages={213--229},
  year={2020},
  organization={Springer}
}

@inproceedings{chen2020generative,
  title={Generative pretraining from pixels},
  author={Chen, Mark and Radford, Alec and Child, Rewon and Wu, Jeffrey and Jun, Heewoo and Luan, David and Sutskever, Ilya},
  booktitle={International Conference on Machine Learning},
  pages={1691--1703},
  year={2020},
  organization={PMLR}
}

@article{hinton2015distilling,
  title={Distilling the knowledge in a neural network},
  author={Hinton, Geoffrey and Vinyals, Oriol and Dean, Jeff and others},
  journal={arXiv preprint arXiv:1503.02531},
  volume={2},
  number={7},
  year={2015}
}

@article{urban2016deep,
  title={Do deep convolutional nets really need to be deep and convolutional?},
  author={Urban, Gregor and Geras, Krzysztof J and Kahou, Samira Ebrahimi and Aslan, Ozlem and Wang, Shengjie and Caruana, Rich and Mohamed, Abdelrahman and Philipose, Matthai and Richardson, Matt},
  journal={arXiv preprint arXiv:1603.05691},
  year={2016}
}

@inproceedings{zhang2020reliable,
  title={Reliable data distillation on graph convolutional network},
  author={Zhang, Wentao and Miao, Xupeng and Shao, Yingxia and Jiang, Jiawei and Chen, Lei and Ruas, Olivier and Cui, Bin},
  booktitle={Proceedings of the 2020 ACM SIGMOD International Conference on Management of Data},
  pages={1399--1414},
  year={2020}
}

@inproceedings{mirzadeh2020improved,
  title={Improved knowledge distillation via teacher assistant},
  author={Mirzadeh, Seyed Iman and Farajtabar, Mehrdad and Li, Ang and Levine, Nir and Matsukawa, Akihiro and Ghasemzadeh, Hassan},
  booktitle={Proceedings of the AAAI Conference on Artificial Intelligence},
  volume={34},
  number={04},
  pages={5191--5198},
  year={2020}
}

@inproceedings{zhai2019lifelong,
  title={Lifelong gan: Continual learning for conditional image generation},
  author={Zhai, Mengyao and Chen, Lei and Tung, Frederick and He, Jiawei and Nawhal, Megha and Mori, Greg},
  booktitle={Proceedings of the IEEE/CVF International Conference on Computer Vision},
  pages={2759--2768},
  year={2019}
}

@inproceedings{papernot2016distillation,
  title={Distillation as a defense to adversarial perturbations against deep neural networks},
  author={Papernot, Nicolas and McDaniel, Patrick and Wu, Xi and Jha, Somesh and Swami, Ananthram},
  booktitle={2016 IEEE symposium on security and privacy (SP)},
  pages={582--597},
  year={2016},
  organization={IEEE}
}

@article{wang2018dataset,
  title={Dataset distillation},
  author={Wang, Tongzhou and Zhu, Jun-Yan and Torralba, Antonio and Efros, Alexei A},
  journal={arXiv preprint arXiv:1811.10959},
  year={2018}
}

@inproceedings{han2020ghostnet,
  title={Ghostnet: More features from cheap operations},
  author={Han, Kai and Wang, Yunhe and Tian, Qi and Guo, Jianyuan and Xu, Chunjing and Xu, Chang},
  booktitle={Proceedings of the IEEE/CVF Conference on Computer Vision and Pattern Recognition},
  pages={1580--1589},
  year={2020}
}


@article{dosovitskiy2020image,
  title={An image is worth 16x16 words: Transformers for image recognition at scale},
  author={Dosovitskiy, Alexey and Beyer, Lucas and Kolesnikov, Alexander and Weissenborn, Dirk and Zhai, Xiaohua and Unterthiner, Thomas and Dehghani, Mostafa and Minderer, Matthias and Heigold, Georg and Gelly, Sylvain and others},
  journal={arXiv preprint arXiv:2010.11929},
  year={2020}
}

@inproceedings{chen2021pre,
  title={Pre-trained image processing transformer},
  author={Chen, Hanting and Wang, Yunhe and Guo, Tianyu and Xu, Chang and Deng, Yiping and Liu, Zhenhua and Ma, Siwei and Xu, Chunjing and Xu, Chao and Gao, Wen},
  booktitle={Proceedings of the IEEE/CVF Conference on Computer Vision and Pattern Recognition},
  pages={12299--12310},
  year={2021}
}

@article{han2022survey,
  title={A survey on vision transformer},
  author={Han, Kai and Wang, Yunhe and Chen, Hanting and Chen, Xinghao and Guo, Jianyuan and Liu, Zhenhua and Tang, Yehui and Xiao, An and Xu, Chunjing and Xu, Yixing and others},
  journal={IEEE Transactions on Pattern Analysis and Machine Intelligence},
  year={2022},
  publisher={IEEE}
}

@article{zhu2020deformable,
  title={Deformable detr: Deformable transformers for end-to-end object detection},
  author={Zhu, Xizhou and Su, Weijie and Lu, Lewei and Li, Bin and Wang, Xiaogang and Dai, Jifeng},
  journal={arXiv preprint arXiv:2010.04159},
  year={2020}
}

@inproceedings{zheng2021rethinking,
  title={Rethinking semantic segmentation from a sequence-to-sequence perspective with transformers},
  author={Zheng, Sixiao and Lu, Jiachen and Zhao, Hengshuang and Zhu, Xiatian and Luo, Zekun and Wang, Yabiao and Fu, Yanwei and Feng, Jianfeng and Xiang, Tao and Torr, Philip HS and others},
  booktitle={Proceedings of the IEEE/CVF conference on computer vision and pattern recognition},
  pages={6881--6890},
  year={2021}
}

@article{bucilua2006model,
  title={Model compression, in proceedings of the 12 th ACM SIGKDD International Conference on Knowledge Discovery and Data Mining},
  author={Bucilua, C and Caruana, R and Niculescu-Mizil, A},
  journal={New York, NY, USA},
  year={2006}
}

@inproceedings{urner2011access,
  title={Access to unlabeled data can speed up prediction time},
  author={Urner, Ruth and Shalev-Shwartz, Shai and Ben-David, Shai},
  booktitle={ICML},
  year={2011}
}

@article{zhu2020knowledge,
  title={Knowledge distillation for face photo-sketch synthesis},
  author={Zhu, Mingrui and Li, Jie and Wang, Nannan and Gao, Xinbo},
  journal={IEEE Transactions on Neural Networks and Learning Systems},
  year={2020},
  publisher={IEEE}
}

@inproceedings{cheng2020explaining,
  title={Explaining knowledge distillation by quantifying the knowledge},
  author={Cheng, Xu and Rao, Zhefan and Chen, Yilan and Zhang, Quanshi},
  booktitle={Proceedings of the IEEE/CVF Conference on Computer Vision and Pattern Recognition},
  pages={12925--12935},
  year={2020}
}

@article{ji2020knowledge,
  title={Knowledge distillation in wide neural networks: Risk bound, data efficiency and imperfect teacher},
  author={Ji, Guangda and Zhu, Zhanxing},
  journal={Advances in Neural Information Processing Systems},
  volume={33},
  pages={20823--20833},
  year={2020}
}

@article{yang2020knowledge,
  title={Knowledge distillation via adaptive instance normalization},
  author={Yang, Jing and Martinez, Brais and Bulat, Adrian and Tzimiropoulos, Georgios},
  journal={arXiv preprint arXiv:2003.04289},
  year={2020}
}

@article{tang2020understanding,
  title={Understanding and improving knowledge distillation},
  author={Tang, Jiaxi and Shivanna, Rakesh and Zhao, Zhe and Lin, Dong and Singh, Anima and Chi, Ed H and Jain, Sagar},
  journal={arXiv preprint arXiv:2002.03532},
  year={2020}
}


% added by antar
@inproceedings{yun2019cutmix,
  title={Cutmix: Regularization strategy to train strong classifiers with localizable features},
  author={Yun, Sangdoo and Han, Dongyoon and Oh, Seong Joon and Chun, Sanghyuk and Choe, Junsuk and Yoo, Youngjoon},
  booktitle={Proceedings of the IEEE/CVF international conference on computer vision},
  pages={6023--6032},
  year={2019}
}

@inproceedings{cubuk2019autoaugment,
  title={Autoaugment: Learning augmentation strategies from data},
  author={Cubuk, Ekin D and Zoph, Barret and Mane, Dandelion and Vasudevan, Vijay and Le, Quoc V},
  booktitle={Proceedings of the IEEE/CVF Conference on Computer Vision and Pattern Recognition},
  pages={113--123},
  year={2019}
}
@article{han2021transformer,
  title={Transformer in transformer},
  author={Han, Kai and Xiao, An and Wu, Enhua and Guo, Jianyuan and Xu, Chunjing and Wang, Yunhe},
  journal={Advances in Neural Information Processing Systems},
  volume={34},
  pages={15908--15919},
  year={2021}
}

@inproceedings{image2018image,
  title={Image transformer},
  author={Parmar, Niki and Vaswani, Ashish and Uszkoreit, Jakob and Kaiser, Lukasz and Shazeer, Noam and Ku, Alexander and Tran, Dustin},
  booktitle={International conference on machine learning},
  pages={4055--4064},
  year={2018},
  organization={PMLR}
}

@article{sequence,
  title={SpectralFormer: Rethinking hyperspectral image classification with transformers},
  author={Hong, Danfeng and Han, Zhu and Yao, Jing and Gao, Lianru and Zhang, Bing and Plaza, Antonio and Chanussot, Jocelyn},
  journal={IEEE Transactions on Geoscience and Remote Sensing},
  volume={60},
  pages={1--15},
  year={2021},
  publisher={IEEE}
}
@inproceedings{slowself,
  title={Integrated real-time object detection for self-driving vehicles},
  author={Naghavi, Seyyed Hamed and Avaznia, Cyrus and Talebi, Hamed},
  booktitle={2017 10th Iranian Conference on Machine Vision and Image Processing (MVIP)},
  pages={154--158},
  year={2017},
  organization={IEEE}
}

@article{slowsurv,
  title={Real-time video fire/smoke detection based on CNN in antifire surveillance systems},
  author={Saponara, Sergio and Elhanashi, Abdussalam and Gagliardi, Alessio},
  journal={Journal of Real-Time Image Processing},
  volume={18},
  number={3},
  pages={889--900},
  year={2021},
  publisher={Springer}
}
@article{featurecnn,
  title={SAR image classification using adaptive neighborhood-based convolutional neural network},
  author={Zhang, Anjun and Yang, Xuezhi and Jia, Lu and Ai, Jiaqiu and Dong, Zhangyu},
  journal={European Journal of Remote Sensing},
  volume={52},
  number={1},
  pages={178--193},
  year={2019},
  publisher={Taylor \& Francis}
}

@inproceedings{cnngood,
  title={Advancements in image classification using convolutional neural network},
  author={Sultana, Farhana and Sufian, Abu and Dutta, Paramartha},
  booktitle={2018 Fourth International Conference on Research in Computational Intelligence and Communication Networks (ICRCICN)},
  pages={122--129},
  year={2018},
  organization={IEEE}
}


@article{reg1,
  title={Improved principal component analysis and linear regression classification for face recognition},
  author={Zhu, Yani and Zhu, Chaoyang and Li, Xiaoxin},
  journal={Signal Processing},
  volume={145},
  pages={175--182},
  year={2018},
  publisher={Elsevier}
}

@article{ins1,
  title={A regularization approach for instance-based superset label learning},
  author={Gong, Chen and Liu, Tongliang and Tang, Yuanyan and Yang, Jian and Yang, Jie and Tao, Dacheng},
  journal={IEEE transactions on cybernetics},
  volume={48},
  number={3},
  pages={967--978},
  year={2017},
  publisher={IEEE}
}

@article{regu1,
  title={Hypergraph $ p $-Laplacian regularization for remotely sensed image recognition},
  author={Ma, Xueqi and Liu, Weifeng and Li, Shuying and Tao, Dapeng and Zhou, Yicong},
  journal={IEEE Transactions on Geoscience and Remote Sensing},
  volume={57},
  number={3},
  pages={1585--1595},
  year={2018},
  publisher={IEEE}
}
@article{dt1,
  title={Classification based on decision tree algorithm for machine learning},
  author={Charbuty, Bahzad and Abdulazeez, Adnan},
  journal={Journal of Applied Science and Technology Trends},
  volume={2},
  number={01},
  pages={20--28},
  year={2021}
}
@inproceedings{bay1,
  title={Image processing based ann with Bayesian regularization learning algorithm for classification of wheat grains},
  author={Kayaba{\c{s}}{\i}, Ahmet and Sabanc{\i}, Kadir and Yi{\u{g}}it, Enes and Tokta{\c{s}}, Abdurrahim and Yerlikaya, Mehmet and Y{\i}ld{\i}z, Berat},
  booktitle={2017 10th International Conference on Electrical and Electronics Engineering (ELECO)},
  pages={1166--1170},
  year={2017},
  organization={IEEE}
}

@article{clus1,
  title={Hyperspectral image processing in internet of things model using clustering algorithm},
  author={Bindhu, V and Ranganathan, G},
  journal={Journal of ISMAC},
  volume={3},
  number={02},
  pages={163--175},
  year={2021}
}

@article{zhao2021battle,
  title={A battle of network structures: An empirical study of cnn, transformer, and mlp},
  author={Zhao, Yucheng and Wang, Guangting and Tang, Chuanxin and Luo, Chong and Zeng, Wenjun and Zha, Zheng-Jun},
  journal={arXiv preprint arXiv:2108.13002},
  year={2021}
}
@inproceedings{tan2019efficientnet,
  title={Efficientnet: Rethinking model scaling for convolutional neural networks},
  author={Tan, Mingxing and Le, Quoc},
  booktitle={International conference on machine learning},
  pages={6105--6114},
  year={2019},
  organization={PMLR}
}

@inproceedings{tan2021efficientnetv2,
  title={Efficientnetv2: Smaller models and faster training},
  author={Tan, Mingxing and Le, Quoc},
  booktitle={International Conference on Machine Learning},
  pages={10096--10106},
  year={2021},
  organization={PMLR}
}



@article{Yuan2019RevisitKD,
  title={Revisit Knowledge Distillation: a Teacher-free Framework},
  author={Li Yuan and Francis E. H. Tay and Guilin Li and Tao Wang and Jiashi Feng},
  journal={ArXiv},
  year={2019},
  volume={abs/1909.11723},
  url={https://api.semanticscholar.org/CorpusID:202889259}
}

@article{bohdal2020flexible,
  title={Flexible dataset distillation: Learn labels instead of images},
  author={Bohdal, Ondrej and Yang, Yongxin and Hospedales, Timothy},
  journal={arXiv preprint arXiv:2006.08572},
  year={2020}
}

@article{simonyan2014very,
  title={Very deep convolutional networks for large-scale image recognition},
  author={Simonyan, Karen and Zisserman, Andrew},
  journal={arXiv preprint arXiv:1409.1556},
  year={2014}
}

@inproceedings{touvron2021training,
  title={Training data-efficient image transformers \& distillation through attention},
  author={Touvron, Hugo and Cord, Matthieu and Douze, Matthijs and Massa, Francisco and Sablayrolles, Alexandre and J{\'e}gou, Herv{\'e}},
  booktitle={International conference on machine learning},
  pages={10347--10357},
  year={2021},
  organization={PMLR}
}

@article{kim2021rgdinet,
  title={Rgdinet: Efficient onboard object detection with faster r-cnn for air-to-ground surveillance},
  author={Kim, Jongwon and Cho, Jeongho},
  journal={Sensors},
  volume={21},
  number={5},
  pages={1677},
  year={2021},
  publisher={MDPI}
}

@article{melinte2020facial,
  title={Facial expressions recognition for human--robot interaction using deep convolutional neural networks with rectified adam optimizer},
  author={Melinte, Daniel Octavian and Vladareanu, Luige},
  journal={Sensors},
  volume={20},
  number={8},
  pages={2393},
  year={2020},
  publisher={MDPI}
}