@book{diestel2024graph,
  title={Graph theory},
  author={Diestel, Reinhard},
  year={2024},
  publisher={Springer (print edition); Reinhard Diestel (eBooks)}
}



@article{guting1994introduction,
  title={An introduction to spatial database systems},
  author={G{\"u}ting, Ralf Hartmut},
  journal={the VLDB Journal},
  volume={3},
  pages={357--399},
  year={1994},
  publisher={Springer}
}
@incollection{delling2009engineering,
  title={Engineering route planning algorithms},
  author={Delling, Daniel and Sanders, Peter and Schultes, Dominik and Wagner, Dorothea},
  booktitle={Algorithmics of large and complex networks: design, analysis, and simulation},
  pages={117--139},
  year={2009},
  publisher={Springer}
}
@article{bast2016route,
  title={Route planning in transportation networks},
  author={Bast, Hannah and Delling, Daniel and Goldberg, Andrew and M{\"u}ller-Hannemann, Matthias and Pajor, Thomas and Sanders, Peter and Wagner, Dorothea and Werneck, Renato F},
  journal={Algorithm engineering: Selected results and surveys},
  pages={19--80},
  year={2016},
  publisher={Springer}
}
@article{chassein2016bicriteria,
  title={A bicriteria approach to robust optimization},
  author={Chassein, Andr{\'e} and Goerigk, Marc},
  journal={Computers \& Operations Research},
  volume={66},
  pages={181--189},
  year={2016},
  publisher={Elsevier}
}
@book{ceder2016public,
  title={Public transit planning and operation: Modeling, practice and behavior},
  author={Ceder, Avishai},
  year={2016},
  publisher={CRC press}
}
@article{van2002multilevel,
  title={Multilevel network optimization for public transport networks},
  author={van Nes, Rob},
  journal={Transportation research record},
  volume={1799},
  number={1},
  pages={50--57},
  year={2002},
  publisher={SAGE Publications Sage CA: Los Angeles, CA}
}

@inproceedings{disser2008multi,
  title={Multi-criteria shortest paths in time-dependent train networks},
  author={Disser, Yann and M{\"u}ller--Hannemann, Matthias and Schnee, Mathias},
  booktitle={Experimental Algorithms: 7th International Workshop, WEA 2008 Provincetown, MA, USA, May 30-June 1, 2008 Proceedings 7},
  pages={347--361},
  year={2008},
  organization={Springer}
}
@inproceedings{dai2015personalized,
  title={Personalized route recommendation using big trajectory data},
  author={Dai, Jian and Yang, Bin and Guo, Chenjuan and Ding, Zhiming},
  booktitle={2015 IEEE 31st international conference on data engineering},
  pages={543--554},
  year={2015},
  organization={IEEE}
}
@article{qu2019profitable,
  title={Profitable taxi travel route recommendation based on big taxi trajectory data},
  author={Qu, Boting and Yang, Wenxin and Cui, Ge and Wang, Xin},
  journal={IEEE Transactions on Intelligent Transportation Systems},
  volume={21},
  number={2},
  pages={653--668},
  year={2019},
  publisher={IEEE}
}
@article{xue2019rapid,
  title={Rapid Driving Style Recognition in Car-Following Using Machine Learning and Vehicle Trajectory Data},
  author={Xue, Qingwen and Wang, Ke and Lu, Jian John and Liu, Yujie},
  journal={Journal of advanced transportation},
  volume={2019},
  number={1},
  pages={9085238},
  year={2019},
  publisher={Wiley Online Library}
}
@article{delling2015round,
  title={Round-based public transit routing},
  author={Delling, Daniel and Pajor, Thomas and Werneck, Renato F},
  journal={Transportation Science},
  volume={49},
  number={3},
  pages={591--604},
  year={2015},
  publisher={INFORMS}
}
@article{delling2008timetable,
  title={Timetable information updating in case of delays: Modeling issues},
  author={Delling, Daniel and Giannakopoulou, Kalliopi and Wagner, Dorothea and Zaroliagis, Christos},
  journal={Arrival Technical Report},
  year={2008}
}
@inproceedings{delling2015public,
  title={Public transit labeling},
  author={Delling, Daniel and Dibbelt, Julian and Pajor, Thomas and Werneck, Renato F},
  booktitle={Experimental Algorithms: 14th International Symposium, SEA 2015, Paris, France, June 29--July 1, 2015, Proceedings 14},
  pages={273--285},
  year={2015},
  organization={Springer}
}


@book{shekhar2007spatial,
  title={Spatial databases},
  author={Shekhar, Shashi},
  year={2007},
  publisher={Pearson Education India}
}

@inproceedings{potthoff2022fast,
  title={Fast Multimodal Journey Planning for Three Criteriaâˆ—},
  author={Potthoff, Moritz and Sauer, Jonas},
  booktitle={2022 Proceedings of the Symposium on Algorithm Engineering and Experiments (ALENEX)},
  pages={145--157},
  year={2022},
  organization={SIAM}
}



@inproceedings{hashem2013group,
  title={Group trip planning queries in spatial databases},
  author={Hashem, Tanzima and Hashem, Tahrima and Ali, Mohammed Eunus and Kulik, Lars},
  booktitle={Advances in Spatial and Temporal Databases: 13th International Symposium, SSTD 2013, Munich, Germany, August 21-23, 2013. Proceedings 13},
  pages={259--276},
  year={2013},
  organization={Springer}
}



@inproceedings{tabassum2017dynamic,
  title={Dynamic group trip planning queries in spatial databases},
  author={Tabassum, Anika and Barua, Sukarna and Hashem, Tanzima and Chowdhury, Tasmin},
  booktitle={Proceedings of the 29th international conference on scientific and statistical database management},
  pages={1--6},
  year={2017}
}




@inproceedings{barua2017weighted,
  title={Weighted optimal sequenced group trip planning queries},
  author={Barua, Sukarna and Jahan, Roksana and Ahmed, Toufique},
  booktitle={2017 18th IEEE International Conference on Mobile Data Management (MDM)},
  pages={222--227},
  year={2017},
  organization={IEEE}
}


@inproceedings{ahmadi2015mixed,
  title={A mixed breadth-depth first search strategy for sequenced group trip planning queries},
  author={Ahmadi, Elham and Nascimento, Mario A},
  booktitle={2015 16th IEEE International Conference on Mobile Data Management},
  volume={1},
  pages={24--33},
  year={2015},
  organization={IEEE}
}
@incollection{dijkstra2022note,
  title={A note on two problems in connexion with graphs},
  author={Dijkstra, Edsger W},
  booktitle={Edsger Wybe Dijkstra: his life, work, and legacy},
  pages={287--290},
  year={2022}
}
@article{zhan1997three,
  title={Three fastest shortest path algorithms on real road networks: Data structures and procedures},
  author={Zhan, F Benjamin},
  journal={Journal of geographic information and decision analysis},
  volume={1},
  number={1},
  pages={69--82},
  year={1997},
  publisher={Citeseer}
}



@inproceedings{singhal2022envy,
  title={Envy-Free Trip Planning in Group Trip Planning Query Problem},
  author={Singhal, Mayank and Banerjee, Suman},
  booktitle={International Conference on Network-Based Information Systems},
  pages={212--223},
  year={2022},
  organization={Springer}
}




@inproceedings{solanki2023fairness,
  title={Fairness Driven Efficient Algorithms for Sequenced Group Trip Planning Query Problem},
  author={Solanki, Napendra and Jain, Shweta and Banerjee, Suman and Kumar S, Yayathi Pavan},
  booktitle={Proceedings of the 2023 International Conference on Autonomous Agents and Multiagent Systems},
  pages={86--94},
  year={2023}
}





@inproceedings{li2005trip,
  title={On trip planning queries in spatial databases},
  author={Li, Feifei and Cheng, Dihan and Hadjieleftheriou, Marios and Kollios, George and Teng, Shang-Hua},
  booktitle={International symposium on spatial and temporal databases},
  pages={273--290},
  year={2005},
  organization={Springer}
}




@inproceedings{lee2020collective,
  title={The Collective Trip Planning Query Processing Using G-Tree Index Structure},
  author={Lee, Junkyu and Park, Seog},
  booktitle={2020 IEEE International Conference on Big Data and Smart Computing (BigComp)},
  pages={173--180},
  year={2020},
  organization={IEEE}
}



@article{mahin2019activity,
  title={Activity-aware ridesharing group trip planning queries for flexible POIs},
  author={Mahin, Mehnaz Tabassum and Hashem, Tanzima},
  journal={ACM Transactions on Spatial Algorithms and Systems (TSAS)},
  volume={5},
  number={3},
  pages={1--41},
  year={2019},
  publisher={ACM New York, NY, USA}
}


@inproceedings{DBLP:conf/atmos/PotthoffS22,
  author       = {Moritz Potthoff and
                  Jonas Sauer},
  editor       = {Mattia D'Emidio and
                  Niels Lindner},
  title        = {Efficient Algorithms for Fully Multimodal Journey Planning},
  booktitle    = {22nd Symposium on Algorithmic Approaches for Transportation Modelling,
                  Optimization, and Systems, {ATMOS} 2022, September 8-9, 2022, Potsdam,
                  Germany},
  series       = {OASIcs},
  volume       = {106},
  pages        = {14:1--14:15},
  publisher    = {Schloss Dagstuhl - Leibniz-Zentrum f{\"{u}}r Informatik},
  year         = {2022},
  url          = {https://doi.org/10.4230/OASIcs.ATMOS.2022.14},
  doi          = {10.4230/OASICS.ATMOS.2022.14},
  timestamp    = {Wed, 21 Aug 2024 22:46:00 +0200},
  biburl       = {https://dblp.org/rec/conf/atmos/PotthoffS22.bib},
  bibsource    = {dblp computer science bibliography, https://dblp.org}
}



@inproceedings{DBLP:conf/alenex/PotthoffS22,
  author       = {Moritz Potthoff and
                  Jonas Sauer},
  editor       = {Cynthia A. Phillips and
                  Bettina Speckmann},
  title        = {Fast Multimodal Journey Planning for Three Criteria},
  booktitle    = {Proceedings of the Symposium on Algorithm Engineering and Experiments,
                  {ALENEX} 2022, Alexandria, VA, USA, January 9-10, 2022},
  pages        = {145--157},
  publisher    = {{SIAM}},
  year         = {2022},
  url          = {https://doi.org/10.1137/1.9781611977042.12},
  doi          = {10.1137/1.9781611977042.12},
  timestamp    = {Mon, 11 Apr 2022 13:26:42 +0200},
  biburl       = {https://dblp.org/rec/conf/alenex/PotthoffS22.bib},
  bibsource    = {dblp computer science bibliography, https://dblp.org}
  }
  
  @inproceedings{potthoff2022efficient,
  title={Efficient algorithms for fully multimodal journey planning},
  author={Potthoff, Moritz and Sauer, Jonas},
  booktitle={22nd Symposium on Algorithmic Approaches for Transportation Modelling, Optimization, and Systems (ATMOS 2022)},
  year={2022},
  organization={Schloss-Dagstuhl-Leibniz Zentrum f{\"u}r Informatik}
}

@inproceedings{sauer2020efficient,
  title={An Efficient Solution for One-To-Many Multi-Modal Journey Planning},
  author={Sauer, Jonas and Wagner, Dorothea and Z{\"u}ndorf, Tobias},
  booktitle={20th Symposium on Algorithmic Approaches for Transportation Modelling, Optimization, and Systems (ATMOS 2020)},
  year={2020},
  organization={Schloss-Dagstuhl-Leibniz Zentrum f{\"u}r Informatik}
}

@inproceedings{bez2024fast,
  title={Fast and Delay-Robust Multimodal Journey Planning},
  author={Bez, Dominik and Sauer, Jonas},
  booktitle={2024 Proceedings of the Symposium on Algorithm Engineering and Experiments (ALENEX)},
  pages={105--117},
  year={2024},
  organization={SIAM}
}

@inproceedings{mathisen2006relationship,
  title={The relationship between travel distance and fares, time costs and generalized costs in passenger transport},
  author={Mathisen, Terje Andreas},
  booktitle={Proceedings from the Annual Transport Conference at Aalborg University},
  volume={13},
  number={1},
  year={2006}
}


@article{tenkanen2020longitudinal,
  title={Longitudinal spatial dataset on travel times and distances by different travel modes in Helsinki Region},
  author={Tenkanen, Henrikki and Toivonen, Tuuli},
  journal={Scientific data},
  volume={7},
  number={1},
  pages={77},
  year={2020},
  publisher={Nature Publishing Group UK London}
}


