% bmc_article.bib
% 
%  An example of bibtex entries.
%  Entries taken from BMC instructions for authors page.

% uncomment next line to make author-year bibliography
% @settings{label, options="nameyear"}

@article{blank,
	author  = {}, 
	title   = {},
	journal = {}, 
	year  = {},
	  month = {}, 
	  volume= {}, 
	  number= {}, 
	  pages = {},
	  note  = {} 
}	

% Article within a journal
@ARTICLE{koon,
	author  = {Koonin, E V and Altschul, S F and P Bork}, 
	title   = {BRCA1 protein products: functional motifs}, 
	journal = {Nat Genet}, 
	year    = {1996},
	volume  = {13}, 
	pages   = {266-267}
}	

% Article within a journal supplement
@ARTICLE{oreg,
	author  = {Orengo, C A and Bray, J E and Hubbard, 
		   T and LoConte, L and Sillitoe, I}, 
	title   = {Analysis and assessment of ab initio 
		   three-dimensional prediction, secondary 
		   structure, and contacts prediction},
	journal = {Proteins}, 
	year    = {1999},
	volume  = {Suppl 3}, 
	pages   = {149-170}
}	

% In press article
@inpress{khar,
	author  = {Kharitonov, S A and Barnes, P J}, 
	title   = {Clinical aspects of exhaled nitric oxide},
	journal = {Eur Respir J}, 
	note    = {in press} 
}	

%
% Published abstract
%
@ARTICLE{zvai,
	author  = {Zvaifler, N J and Burger, J A and Marinova-Mutafchieva, 
		   L and Taylor, P and Maini, R N},
	title   = {Mesenchymal cells, stromal derived factor-1 and 
		   rheumatoid arthritis [abstract]},
	journal = {Arthritis Rheum}, 
	year    = {1999},
	volume  = {42}, 
	pages   = {s250},
}	


%
% Article within conference proceedings
%
@Inproceedings{xjon,
	author    = {X Jones}, 
	title     = {Zeolites and synthetic mechanisms},
	booktitle = {Proceedings of the First National Conference on 
		     Porous Sieves: 27-30 June 1996; Baltimore},
	year      = {1996},
	  editor  = {Y Smith}, 
	  pages   = {16-27},
	  organization  = {Stoneham: Butterworth-Heinemann}
}	

%%%%%%%%
%  Book chapter, or article within a book
%
@incollection{schn,
	author    = {E Schnepf}, 
	title     = {From prey via endosymbiont to plastids: 
		     comparative studies in dinoflagellates},
	booktitle = {Origins of Plastids}, 
	editor    = {R A Lewin}, 
	publisher = {Chapman and Hall},
	pages     = {53-76}, 
	year      = {1993},
	  address = {New York}, 
	  volume  = {2}, 
	  edition = {2nd} 
}	

%%%%%%%%
% Whole issue of journal
%
@wholejournal{pond,
	editor  = {B Ponder and S Johnston and L Chodosh}, 
	title   = {Innovative oncology},
	journal = {Breast Cancer Res}, 
	year  = {1998},
	  volume= {10}, 
	  pages = {1-72}
}	


%%%%%%%%
% Whole conference proceedings
%
@proceedings{smith,
	editor  = {Y Smith}, 
	title   = {Proceedings of the First National Conference
		   on Porous Sieves: 27-30 June 1996; Baltimore},
	year = 1996,
	  address= {Stoneham}, 
	  publisher = {Butterworth-Heinemann},
}	


%%%%%%%%
% Complete book
%
@book{marg,
	author    = {L Margulis}, 
	title     = {Origin of Eukaryotic Cells},
	publisher = {Yale University Press}, 
	year      = {1970},
	address   = {New Haven} 
}



%%%%%%%%
% Monograph or book in series 
%
@incollection{hunn,
	author    = {G W Hunninghake and J E Gadek}, 
	title     = {The alveloar macrophage},
	booktitle = {Cultured Human Cells and Tissues},
	publisher = {Academic Press}, 
	year      = {1995},
  pages      = {54-56},
	  editor   = {T J R Harris}, 
	  address  = {New York}, 
	  note     = {Stoner G (Series Editor): Methods and Perspectives in Cell Biology, vol 1} 
}


%%%%%%%%
% Book with institutional author
@manual{advi,
	  title   = {Annual Report}, 
	    organization  = {Advisory Committee on Genetic Modification}, 
	    address = {London},
	    year    = {1999}
}


%%%%%%%%
% PHD Thesis
%
@phdthesis{koha,
	author = {R Kohavi}, 
	title  = {Wrappers for performance enhancement and
		  obvious decision graphs},
	school = {Stanford University, Computer Science Department},
	year   = {1995}
}

%%%%%%%%
% Webpage Link / URL
%
@webpage{mouse,
	title  = {The Mouse Tumor Biology Database},
	url = {http://tumor.informatics.jax.org/cancer\_links.html}
}
% ###########################################################################
@article{harutyunyan2019multitask,
  title={Multitask learning and benchmarking with clinical time series data},
  author={Harutyunyan, Hrayr and Khachatrian, Hrant and Kale, David C and Ver Steeg, Greg and Galstyan, Aram},
  journal={Scientific data},
  volume={6},
  number={1},
  pages={1--18},
  year={2019},
  publisher={Nature Publishing Group}
}
@inproceedings{rocheteau2021,
author = {Rocheteau, Emma and Li\`{o}, Pietro and Hyland, Stephanie},
title = {Temporal Pointwise Convolutional Networks for Length of Stay Prediction in the Intensive Care Unit},
year = {2021},
isbn = {9781450383592},
publisher = {Association for Computing Machinery},
address = {New York, NY, USA},
doi = {10.1145/3450439.3451860},
booktitle = {Proceedings of the Conference on Health, Inference, and Learning},
pages = {58–68},
numpages = {11},
keywords = {intensive care unit, length of stay, temporal convolution, mortality, patient outcome prediction},
location = {Virtual Event, USA},
series = {CHIL '21}
}
@article{rubanova2019latent,
  title={Latent ordinary differential equations for irregularly-sampled time series},
  author={Rubanova, Yulia and Chen, Ricky TQ and Duvenaud, David K},
  journal={Advances in neural information processing systems},
  volume={32},
  year={2019}
}
@article{chen2018neural,
  title={Neural ordinary differential equations},
  author={Chen, Ricky TQ and Rubanova, Yulia and Bettencourt, Jesse and Duvenaud, David K},
  journal={Advances in neural information processing systems},
  volume={31},
  year={2018}
}
@article{navon2022multi,
  title={Multi-Task Learning as a Bargaining Game},
  author={Navon, Aviv and Shamsian, Aviv and Achituve, Idan and Maron, Haggai and Kawaguchi, Kenji and Chechik, Gal and Fetaya, Ethan},
  journal={arXiv preprint arXiv:2202.01017},
  year={2022}
}
@article{hawthorne2022general,
  title={General-purpose, long-context autoregressive modeling with Perceiver AR},
  author={Hawthorne, Curtis and Jaegle, Andrew and Cangea, C{\u{a}}t{\u{a}}lina and Borgeaud, Sebastian and Nash, Charlie and Malinowski, Mateusz and Dieleman, Sander and Vinyals, Oriol and Botvinick, Matthew and Simon, Ian and others},
  journal={arXiv preprint arXiv:2202.07765},
  year={2022}
}
@inproceedings{jaegle2021perceiver,
  title={Perceiver: General perception with iterative attention},
  author={Jaegle, Andrew and Gimeno, Felix and Brock, Andy and Vinyals, Oriol and Zisserman, Andrew and Carreira, Joao},
  booktitle={International Conference on Machine Learning},
  pages={4651--4664},
  year={2021},
  organization={PMLR}
}
@inproceedings{shukla2021multitime,
title={Multi-Time Attention Networks for Irregularly Sampled Time Series},
author={Satya Narayan Shukla and Benjamin Marlin},
booktitle={International Conference on Learning Representations},
year={2021}
}
@ARTICLE{Sharma2022,  
author={Sharma, Pulkit and Shamout, Farah E. and Abrol, Vinayak and Clifton, David A.},  journal={IEEE Journal of Biomedical and Health Informatics},   
title={Data Pre-Processing Using Neural Processes for Modeling Personalized Vital-Sign Time-Series Data},   year={2022},  volume={26},  number={4},  pages={1528-1537},  doi={10.1109/JBHI.2021.3107518}
}
@ARTICLE{Lee2022,
  author={Lee, Yurim and Jun, Eunji and Choi, Jaehun and Suk, Heung-Il},
  journal={IEEE Journal of Biomedical and Health Informatics}, 
  title={Multi-view Integrative Attention-based Deep Representation Learning for Irregular Clinical Time-series Data}, 
  year={2022},
  volume={},
  number={},
  pages={1-1},
  doi={10.1109/JBHI.2022.3172549}
 }
 @article{vaswani2017attention,
  title={Attention is all you need},
  author={Vaswani, Ashish and Shazeer, Noam and Parmar, Niki and Uszkoreit, Jakob and Jones, Llion and Gomez, Aidan N and Kaiser, {\L}ukasz and Polosukhin, Illia},
  journal={Advances in Neural Information Processing Systems},
  volume={30},
  year={2017}
}
@article{jaegle2021perceiverIO,
  title={Perceiver io: A general architecture for structured inputs \& outputs},
  author={Jaegle, Andrew and Borgeaud, Sebastian and Alayrac, Jean-Baptiste and Doersch, Carl and Ionescu, Catalin and Ding, David and Koppula, Skanda and Zoran, Daniel and Brock, Andrew and Shelhamer, Evan and others},
  journal={arXiv preprint arXiv:2107.14795},
  year={2021}
}
@article{pattarabanjird2022clinicians,
  title={The clinicians’ perspectives on machine learning},
  author={Pattarabanjird, Tanyaporn and McNamara, Coleen},
  journal={Nature Cardiovascular Research},
  volume={1},
  number={3},
  pages={189--190},
  year={2022},
  publisher={Nature Publishing Group}
}
@article{shickel2017deep,
  title={Deep EHR: a survey of recent advances in deep learning techniques for electronic health record (EHR) analysis},
  author={Shickel, Benjamin and Tighe, Patrick James and Bihorac, Azra and Rashidi, Parisa},
  journal={IEEE journal of biomedical and health informatics},
  volume={22},
  number={5},
  pages={1589--1604},
  year={2017},
  publisher={IEEE}
}
@article{sun2020review,
  title={A review of deep learning methods for irregularly sampled medical time series data},
  author={Sun, Chenxi and Hong, Shenda and Song, Moxian and Li, Hongyan},
  journal={arXiv preprint arXiv:2010.12493},
  year={2020}
}
@inproceedings{tan2020data,
  title={Data-gru: Dual-attention time-aware gated recurrent unit for irregular multivariate time series},
  author={Tan, Qingxiong and Ye, Mang and Yang, Baoyao and Liu, Siqi and Ma, Andy Jinhua and Yip, Terry Cheuk-Fung and Wong, Grace Lai-Hung and Yuen, PongChi},
  booktitle={Proceedings of the AAAI Conference on Artificial Intelligence},
  volume={34},
  number={01},
  pages={930--937},
  year={2020}
}
@article{yoon2018estimating,
  title={Estimating missing data in temporal data streams using multi-directional recurrent neural networks},
  author={Yoon, Jinsung and Zame, William R and van der Schaar, Mihaela},
  journal={IEEE Transactions on Biomedical Engineering},
  volume={66},
  number={5},
  pages={1477--1490},
  year={2018},
  publisher={IEEE}
}
@inproceedings{marlin2012unsupervised,
  title={Unsupervised pattern discovery in electronic health care data using probabilistic clustering models},
  author={Marlin, Benjamin M and Kale, David C and Khemani, Robinder G and Wetzel, Randall C},
  booktitle={Proceedings of the 2nd ACM SIGHIT international health informatics symposium},
  pages={389--398},
  year={2012}
}
@book{little2019statistical,
  title={Statistical analysis with missing data},
  author={Little, Roderick JA and Rubin, Donald B},
  volume={793},
  year={2019},
  publisher={John Wiley \& Sons}
}
@article{kidger2020neural,
  title={Neural controlled differential equations for irregular time series},
  author={Kidger, Patrick and Morrill, James and Foster, James and Lyons, Terry},
  journal={Advances in Neural Information Processing Systems},
  volume={33},
  pages={6696--6707},
  year={2020}
}
@article{weerakody2021review,
  title={A review of irregular time series data handling with gated recurrent neural networks},
  author={Weerakody, Philip B and Wong, Kok Wai and Wang, Guanjin and Ela, Wendell},
  journal={Neurocomputing},
  volume={441},
  pages={161--178},
  year={2021},
  publisher={Elsevier}
}
@article{shukla2020survey,
  title={A survey on principles, models and methods for learning from irregularly sampled time series},
  author={Shukla, Satya Narayan and Marlin, Benjamin M},
  journal={arXiv preprint arXiv:2012.00168},
  year={2020}
}
@article{johnson2016mimic,
  title={MIMIC-III, a freely accessible critical care database},
  author={Johnson, Alistair EW and Pollard, Tom J and Shen, Lu and Lehman, Li-wei H and Feng, Mengling and Ghassemi, Mohammad and Moody, Benjamin and Szolovits, Peter and Anthony Celi, Leo and Mark, Roger G},
  journal={Scientific data},
  volume={3},
  number={1},
  pages={1--9},
  year={2016},
  publisher={Nature Publishing Group}
}
@article{shao2009baseline,
  title={Baseline observation carry forward: reasoning, properties, and practical issues},
  author={Shao, Jun and Jordan, David C and Pritchett, Yili L},
  journal={Journal of biopharmaceutical statistics},
  volume={19},
  number={4},
  pages={672--684},
  year={2009},
  publisher={Taylor \& Francis}
}
@article{scherpf2019predicting,
  title={Predicting sepsis with a recurrent neural network using the MIMIC III database},
  author={Scherpf, Matthieu and Gr{\"a}{\ss}er, Felix and Malberg, Hagen and Zaunseder, Sebastian},
  journal={Computers in biology and medicine},
  volume={113},
  pages={103395},
  year={2019},
  publisher={Elsevier}
}
@inproceedings{song2018attend,
  title={Attend and diagnose: Clinical time series analysis using attention models},
  author={Song, Huan and Rajan, Deepta and Thiagarajan, Jayaraman J and Spanias, Andreas},
  booktitle={Thirty-second AAAI conference on artificial intelligence},
  year={2018}
}
@article{thakur2021dynamic,
  title={Dynamic Neural Graphs Based Federated Reptile for Semi-supervised Multi-Tasking in Healthcare Applications},
  author={Thakur, Anshul and Sharma, Pulkit and Clifton, David A},
  journal={IEEE Journal of Biomedical and Health Informatics},
  volume={26},
  number={4},
  pages={1761--1772},
  year={2021},
  publisher={IEEE}
}
@article{yu2020gradient,
  title={Gradient surgery for multi-task learning},
  author={Yu, Tianhe and Kumar, Saurabh and Gupta, Abhishek and Levine, Sergey and Hausman, Karol and Finn, Chelsea},
  journal={Advances in Neural Information Processing Systems},
  volume={33},
  pages={5824--5836},
  year={2020}
}
@article{mormont2020multi,
  title={Multi-task pre-training of deep neural networks for digital pathology},
  author={Mormont, Romain and Geurts, Pierre and Mar{\'e}e, Rapha{\"e}l},
  journal={IEEE journal of biomedical and health informatics},
  volume={25},
  number={2},
  pages={412--421},
  year={2020},
  publisher={IEEE}
}
@inproceedings{shamsian2021personalized,
  title={Personalized federated learning using hypernetworks},
  author={Shamsian, Aviv and Navon, Aviv and Fetaya, Ethan and Chechik, Gal},
  booktitle={International Conference on Machine Learning},
  pages={9489--9502},
  year={2021},
  organization={PMLR}
}
@article{caruana1997multitask,
  title={Multitask learning},
  author={Caruana, Rich},
  journal={Machine learning},
  volume={28},
  number={1},
  pages={41--75},
  year={1997},
  publisher={Springer}
}
@article{ruder2017overview,
  title={An Overview of Multi-Task Learning in Deep Neural Networks},
  author={Ruder, Sebastian},
  journal={arXiv e-prints},
  pages={arXiv--1706},
  year={2017}
}
@article{yang2016trace,
  title={Trace norm regularised deep multi-task learning},
  author={Yang, Yongxin and Hospedales, Timothy M},
  journal={arXiv preprint arXiv:1606.04038},
  year={2016}
}
@article{liu2021conflict,
  title={Conflict-averse gradient descent for multi-task learning},
  author={Liu, Bo and Liu, Xingchao and Jin, Xiaojie and Stone, Peter and Liu, Qiang},
  journal={Advances in Neural Information Processing Systems},
  volume={34},
  pages={18878--18890},
  year={2021}
}
@ARTICLE{Vandenhende2022,  author={Vandenhende, Simon and Georgoulis, Stamatios and Van Gansbeke, Wouter and Proesmans, Marc and Dai, Dengxin and Van Gool, Luc},  journal={IEEE Transactions on Pattern Analysis and Machine Intelligence},   title={Multi-Task Learning for Dense Prediction Tasks: A Survey},   year={2022},  volume={44},  number={7},  pages={3614-3633},  doi={10.1109/TPAMI.2021.3054719}
}
@inproceedings{liu2021towards,
  title={Towards impartial multi-task learning},
  author={Liu, Liyang and Li, Yi and Kuang, Zhanghui and Xue, J and Chen, Yimin and Yang, Wenming and Liao, Qingmin and Zhang, Wayne},
  year={2021},
  booktitle={ICLR}
}
@inproceedings{kendall2018multi,
  title={Multi-task learning using uncertainty to weigh losses for scene geometry and semantics},
  author={Kendall, Alex and Gal, Yarin and Cipolla, Roberto},
  booktitle={Proceedings of the IEEE conference on computer vision and pattern recognition},
  pages={7482--7491},
  year={2018}
}
@inproceedings{chen2018gradnorm,
  title={Gradnorm: Gradient normalization for adaptive loss balancing in deep multitask networks},
  author={Chen, Zhao and Badrinarayanan, Vijay and Lee, Chen-Yu and Rabinovich, Andrew},
  booktitle={International Conference on Machine Learning},
  pages={794--803},
  year={2018},
  organization={PMLR}
}
@inproceedings{Oswald2020Continual,
    title={Continual learning with hypernetworks},
    author={Johannes Von Oswald and Christian Henning and Benjamin F. Grewe and João Sacramento},
    booktitle={International Conference on Learning Representations},
    year={2020},
}
@article{armstrong2021continual,
  title={Continual learning of longitudinal health records},
  author={Armstrong, Jacob and Clifton, D},
  journal={arXiv preprint arXiv:2112.11944},
  year={2021}
}
@article{suarez2017language,
  title={Language modeling with recurrent highway hypernetworks},
  author={Suarez, Joseph},
  journal={Advances in neural information processing systems},
  volume={30},
  year={2017}
}
@misc{lorraine2018stochastic,
    title={Stochastic Hyperparameter Optimization through Hypernetworks},
    author={Jonathan Lorraine and David Duvenaud},
    journal={arXiv preprint arXiv:1802.09419},
    year={2018},
    url={https://openreview.net/forum?id=SJIA6ZWC-},
}
@inproceedings{navon2021learning,
    title={Learning the Pareto Front with Hypernetworks},
    author={Aviv Navon and Aviv Shamsian and Ethan Fetaya and Gal Chechik},
    booktitle={International Conference on Learning Representations},
    year={2021},
    url={https://openreview.net/forum?id=NjF772F4ZZR}
}
@inproceedings{misra2016cross,
  title={Cross-stitch networks for multi-task learning},
  author={Misra, Ishan and Shrivastava, Abhinav and Gupta, Abhinav and Hebert, Martial},
  booktitle={Proceedings of the IEEE conference on computer vision and pattern recognition},
  pages={3994--4003},
  year={2016}
}
@article{sener2018multi,
  title={Multi-task learning as multi-objective optimization},
  author={Sener, Ozan and Koltun, Vladlen},
  journal={Advances in neural information processing systems},
  volume={31},
  year={2018}
}
@article{hashimoto2016joint,
  title={A joint many-task model: Growing a neural network for multiple nlp tasks},
  author={Hashimoto, Kazuma and Xiong, Caiming and Tsuruoka, Yoshimasa and Socher, Richard},
  journal={arXiv preprint arXiv:1611.01587},
  year={2016}
}
@article{ramsundar2015massively,
  title={Massively multitask networks for drug discovery},
  author={Ramsundar, Bharath and Kearnes, Steven and Riley, Patrick and Webster, Dale and Konerding, David and Pande, Vijay},
  journal={arXiv preprint arXiv:1502.02072},
  year={2015}
}
@article{zhang2018overview,
  title={An overview of multi-task learning},
  author={Zhang, Yu and Yang, Qiang},
  journal={National Science Review},
  volume={5},
  number={1},
  pages={30--43},
  year={2018},
  publisher={Oxford University Press}
}
@inproceedings{li2016multi,
  title={A multi-task learning formulation for survival analysis},
  author={Li, Yan and Wang, Jie and Ye, Jieping and Reddy, Chandan K},
  booktitle={Proceedings of the 22nd ACM SIGKDD International Conference on Knowledge Discovery and Data Mining},
  pages={1715--1724},
  year={2016}
}
@article{baxter1997bayesian,
  title={A Bayesian/information theoretic model of learning to learn via multiple task sampling},
  author={Baxter, Jonathan},
  journal={Machine learning},
  volume={28},
  number={1},
  pages={7--39},
  year={1997},
  publisher={Springer}
}
@inproceedings{guo2018dynamic,
  title={Dynamic task prioritization for multitask learning},
  author={Guo, Michelle and Haque, Albert and Huang, De-An and Yeung, Serena and Fei-Fei, Li},
  booktitle={Proceedings of the European conference on computer vision (ECCV)},
  pages={270--287},
  year={2018}
}
@inproceedings{liu2019end,
  title={End-to-end multi-task learning with attention},
  author={Liu, Shikun and Johns, Edward and Davison, Andrew J},
  booktitle={Proceedings of the IEEE/CVF conference on computer vision and pattern recognition},
  pages={1871--1880},
  year={2019}
}
@ARTICLE{Qin2022,  
author={Qin, Jian and He, Yongjun and Ge, Jinping and Liang, Yiqin},  
journal={IEEE Journal of Biomedical and Health Informatics},   
title={A multi-task feature fusion model for cervical cell classification},   year={2022},  volume={},  number={},  pages={1-11},  
doi={10.1109/JBHI.2022.3180989}
}
@ARTICLE{Lim2022,
  author={Lim, Min Hyuk and Cho, Young Min and Kim, Sungwan},
  journal={IEEE Journal of Biomedical and Health Informatics}, 
  title={Multi-task disentangled autoencoder for time-series data in glucose dynamics}, 
  year={2022},
  volume={},
  number={},
  pages={1-1},
  doi={10.1109/JBHI.2022.3175928}
  }
  @article{serra2021nonreplicable,
  title={Nonreplicable publications are cited more than replicable ones},
  author={Serra-Garcia, Marta and Gneezy, Uri},
  journal={Science advances},
  volume={7},
  number={21},
  pages={eabd1705},
  year={2021},
  publisher={American Association for the Advancement of Science}
}
@article{open2015estimating,
  title={Estimating the reproducibility of psychological science},
  author={Open Science Collaboration},
  journal={Science},
  volume={349},
  number={6251},
  pages={aac4716},
  year={2015},
  publisher={American Association for the Advancement of Science}
}
@article{bica2021real,
  title={From real-world patient data to individualized treatment effects using machine learning: current and future methods to address underlying challenges},
  author={Bica, Ioana and Alaa, Ahmed M and Lambert, Craig and Van Der Schaar, Mihaela},
  journal={Clinical Pharmacology \& Therapeutics},
  volume={109},
  number={1},
  pages={87--100},
  year={2021},
  publisher={Wiley Online Library}
}
@inproceedings{shalit2017estimating,
  title={Estimating individual treatment effect: generalization bounds and algorithms},
  author={Shalit, Uri and Johansson, Fredrik D and Sontag, David},
  booktitle={International Conference on Machine Learning},
  pages={3076--3085},
  year={2017},
  organization={PMLR}
}
@inproceedings{johansson2016learning,
  title={Learning representations for counterfactual inference},
  author={Johansson, Fredrik and Shalit, Uri and Sontag, David},
  booktitle={International Conference on Machine Learning},
  pages={3020--3029},
  year={2016},
  organization={PMLR}
}
@article{shi2019adapting,
  title={Adapting neural networks for the estimation of treatment effects},
  author={Shi, Claudia and Blei, David and Veitch, Victor},
  journal={Advances in neural information processing systems},
  volume={32},
  year={2019}
}
@article{hill2011bayesian,
  title={Bayesian nonparametric modeling for causal inference},
  author={Hill, Jennifer L},
  journal={Journal of Computational and Graphical Statistics},
  volume={20},
  number={1},
  pages={217--240},
  year={2011},
  publisher={Taylor \& Francis}
}
% papers added for paper "Adversarial De-confounding in Individualised Treatment Effect Estimation".
@article{bengio2013representation,
  title={Representation learning: A review and new perspectives},
  author={Bengio, Yoshua and Courville, Aaron and Vincent, Pascal},
  journal={IEEE transactions on pattern analysis and machine intelligence},
  volume={35},
  number={8},
  pages={1798--1828},
  year={2013},
  publisher={IEEE}
}
@article{ganin2016domain,
  title={Domain-adversarial training of neural networks},
  author={Ganin, Yaroslav and Ustinova, Evgeniya and Ajakan, Hana and Germain, Pascal and Larochelle, Hugo and Laviolette, Fran{\c{c}}ois and Marchand, Mario and Lempitsky, Victor},
  journal={The journal of machine learning research},
  volume={17},
  number={1},
  pages={2096--2030},
  year={2016},
  publisher={JMLR. org}
}
@inproceedings{li2018deep,
  title={Deep domain generalization via conditional invariant adversarial networks},
  author={Li, Ya and Tian, Xinmei and Gong, Mingming and Liu, Yajing and Liu, Tongliang and Zhang, Kun and Tao, Dacheng},
  booktitle={Proceedings of the European Conference on Computer Vision (ECCV)},
  pages={624--639},
  year={2018}
}
@inproceedings{sebag2019multi,
  title={Multi-Domain Adversarial Learning},
  author={Sebag, Alice Schoenauer and Heinrich, Louise and Schoenauer, Marc and Sebag, Mich{\`e}le and Wu, Lani and Altschuler, Steven},
  booktitle={ICLR 2019-Seventh annual International Conference on Learning Representations},
  year={2019}
}
@book{pearl2009causality,
  title={Causality},
  author={Pearl, Judea},
  year={2009},
  publisher={Cambridge university press}
}
@book{imbens2015causal,
  title={Causal inference in statistics, social, and biomedical sciences},
  author={Imbens, Guido W and Rubin, Donald B},
  year={2015},
  publisher={Cambridge University Press}
}
@article{wager2018estimation,
  title={Estimation and inference of heterogeneous treatment effects using random forests},
  author={Wager, Stefan and Athey, Susan},
  journal={Journal of the American Statistical Association},
  volume={113},
  number={523},
  pages={1228--1242},
  year={2018},
  publisher={Taylor \& Francis}
}
@article{rubin2005causal,
  title={Causal inference using potential outcomes: Design, modeling, decisions},
  author={Rubin, Donald B},
  journal={Journal of the American Statistical Association},
  volume={100},
  number={469},
  pages={322--331},
  year={2005},
  publisher={Taylor \& Francis}
}
@article{rosenbaum1983central,
  title={The central role of the propensity score in observational studies for causal effects},
  author={Rosenbaum, Paul R and Rubin, Donald B},
  journal={Biometrika},
  volume={70},
  number={1},
  pages={41--55},
  year={1983},
  publisher={Oxford University Press}
}
@article{imbens2004nonparametric,
  title={Nonparametric estimation of average treatment effects under exogeneity: A review},
  author={Imbens, Guido W},
  journal={Review of Economics and statistics},
  volume={86},
  number={1},
  pages={4--29},
  year={2004},
  publisher={MIT Press 238 Main St., Suite 500, Cambridge, MA 02142-1046, USA journals~…}
}
@article{imbens2009recent,
  title={Recent developments in the econometrics of program evaluation},
  author={Imbens, Guido W and Wooldridge, Jeffrey M},
  journal={Journal of Economic Literature},
  volume={47},
  number={1},
  pages={5--86},
  year={2009}
}
@article{holland1986statistics,
  title={Statistics and causal inference},
  author={Holland, Paul W},
  journal={Journal of the American statistical Association},
  volume={81},
  number={396},
  pages={945--960},
  year={1986},
  publisher={Taylor \& Francis}
}
@article{zubizarreta2015stable,
  title={Stable weights that balance covariates for estimation with incomplete outcome data},
  author={Zubizarreta, Jos{\'e} R},
  journal={Journal of the American Statistical Association},
  volume={110},
  number={511},
  pages={910--922},
  year={2015},
  publisher={Taylor \& Francis}
}
@article{hainmueller2012entropy,
  title={Entropy balancing for causal effects: A multivariate reweighting method to produce balanced samples in observational studies},
  author={Hainmueller, Jens},
  journal={Political analysis},
  volume={20},
  number={1},
  pages={25--46},
  year={2012},
  publisher={Cambridge University Press}
}
@article{li2017matching,
  title={Matching on balanced nonlinear representations for treatment effects estimation},
  author={Li, Sheng and Fu, Yun},
  journal={Advances in Neural Information Processing Systems},
  volume={30},
  year={2017}
}
@article{crump2009dealing,
  title={Dealing with limited overlap in estimation of average treatment effects},
  author={Crump, Richard K and Hotz, V Joseph and Imbens, Guido W and Mitnik, Oscar A},
  journal={Biometrika},
  volume={96},
  number={1},
  pages={187--199},
  year={2009},
  publisher={Oxford University Press}
}
@article{li2018balancing,
  title={Balancing covariates via propensity score weighting},
  author={Li, Fan and Morgan, Kari Lock and Zaslavsky, Alan M},
  journal={Journal of the American Statistical Association},
  volume={113},
  number={521},
  pages={390--400},
  year={2018},
  publisher={Taylor \& Francis}
}
@article{mansour2009domain,
  title={Domain adaptation: Learning bounds and algorithms},
  author={Mansour, Yishay and Mohri, Mehryar and Rostamizadeh, Afshin},
  journal={arXiv preprint arXiv:0902.3430},
  year={2009}
}
@article{yao2018representation,
  title={Representation learning for treatment effect estimation from observational data},
  author={Yao, Liuyi and Li, Sheng and Li, Yaliang and Huai, Mengdi and Gao, Jing and Zhang, Aidong},
  journal={Advances in Neural Information Processing Systems},
  volume={31},
  year={2018}
}
@inproceedings{hassanpour2019counterfactual,
  title={CounterFactual Regression with Importance Sampling Weights.},
  author={Hassanpour, Negar and Greiner, Russell},
  booktitle={IJCAI},
  pages={5880--5887},
  year={2019}
}
@article{vanderweele2019principles,
  title={Principles of confounder selection},
  author={VanderWeele, Tyler J},
  journal={European journal of epidemiology},
  volume={34},
  number={3},
  pages={211--219},
  year={2019},
  publisher={Springer}
}
@article{kuang2019treatment,
  title={Treatment effect estimation via differentiated confounder balancing and regression},
  author={Kuang, Kun and Cui, Peng and Li, Bo and Jiang, Meng and Wang, Yashen and Wu, Fei and Yang, Shiqiang},
  journal={ACM Transactions on Knowledge Discovery from Data (TKDD)},
  volume={14},
  number={1},
  pages={1--25},
  year={2019},
  publisher={ACM New York, NY, USA}
}
@inproceedings{hassanpour2019learning,
  title={Learning disentangled representations for counterfactual regression},
  author={Hassanpour, Negar and Greiner, Russell},
  booktitle={International Conference on Learning Representations},
  year={2019}
}
@inproceedings{kuang2017treatment,
  title={Treatment effect estimation with data-driven variable decomposition},
  author={Kuang, Kun and Cui, Peng and Li, Bo and Jiang, Meng and Yang, Shiqiang and Wang, Fei},
  booktitle={Proceedings of the AAAI Conference on Artificial Intelligence},
  volume={31},
  year={2017}
}
@article{wu2022learning,
  title={Learning decomposed representations for treatment effect estimation},
  author={Wu, Anpeng and Yuan, Junkun and Kuang, Kun and Li, Bo and Wu, Runze and Zhu, Qiang and Zhuang, Yue Ting and Wu, Fei},
  journal={IEEE Transactions on Knowledge and Data Engineering},
  year={2022},
  publisher={IEEE}
}
@inproceedings{curth2021nonparametric,
  title={Nonparametric estimation of heterogeneous treatment effects: From theory to learning algorithms},
  author={Curth, Alicia and van der Schaar, Mihaela},
  booktitle={International Conference on Artificial Intelligence and Statistics},
  pages={1810--1818},
  year={2021},
  organization={PMLR}
}
@article{guan2021domain,
  title={Domain adaptation for medical image analysis: a survey},
  author={Guan, Hao and Liu, Mingxia},
  journal={IEEE Transactions on Biomedical Engineering},
  volume={69},
  number={3},
  pages={1173--1185},
  year={2021},
  publisher={IEEE}
}
@article{bica2020estimating,
  title={Estimating counterfactual treatment outcomes over time through adversarially balanced representations},
  author={Bica, Ioana and Alaa, Ahmed M and Jordon, James and van der Schaar, Mihaela},
  journal={arXiv preprint arXiv:2002.04083},
  year={2020}
}

@InProceedings{seedat2022continuous,
  title = 	 {Continuous-Time Modeling of Counterfactual Outcomes Using Neural Controlled Differential Equations},
  author =       {Seedat, Nabeel and Imrie, Fergus and Bellot, Alexis and Qian, Zhaozhi and van der Schaar, Mihaela},
  booktitle = 	 {Proceedings of the 39th ICML},
  pages = 	 {19497--19521},
  year = 	 {2022},
  volume = 	 {162},
  month = 	 {17--23 Jul},
  publisher =    {PMLR},
  abstract = 	 {Estimating counterfactual outcomes over time has the potential to unlock personalized healthcare by assisting decision-makers to answer "what-if" questions. Existing causal inference approaches typically consider regular, discrete-time intervals between observations and treatment decisions and hence are unable to naturally model irregularly sampled data, which is the common setting in practice. To handle arbitrary observation patterns, we interpret the data as samples from an underlying continuous-time process and propose to model its latent trajectory explicitly using the mathematics of controlled differential equations. This leads to a new approach, the Treatment Effect Neural Controlled Differential Equation (TE-CDE), that allows the potential outcomes to be evaluated at any time point. In addition, adversarial training is used to adjust for time-dependent confounding which is critical in longitudinal settings and is an added challenge not encountered in conventional time series. To assess solutions to this problem, we propose a controllable simulation environment based on a model of tumor growth for a range of scenarios with irregular sampling reflective of a variety of clinical scenarios. TE-CDE consistently outperforms existing approaches in all scenarios with irregular sampling.}
}
@article{curth2021inductive,
  title={On inductive biases for heterogeneous treatment effect estimation},
  author={Curth, Alicia and van der Schaar, Mihaela},
  journal={Advances in Neural Information Processing Systems},
  volume={34},
  pages={15883--15894},
  year={2021}
}
@article{kunzel2019metalearners,
  title={Metalearners for estimating heterogeneous treatment effects using machine learning},
  author={K{\"u}nzel, S{\"o}ren R and Sekhon, Jasjeet S and Bickel, Peter J and Yu, Bin},
  journal={Proceedings of the national academy of sciences},
  volume={116},
  number={10},
  pages={4156--4165},
  year={2019},
  publisher={National Acad Sciences}
}
@article{kingma2014adam,
  title={Adam: A method for stochastic optimization},
  author={Kingma, Diederik P and Ba, Jimmy},
  journal={arXiv preprint arXiv:1412.6980},
  year={2014}
}
@article{Chen2019,
title = {Deep representation learning for individualized treatment effect estimation using electronic health records},
journal = {Journal of Biomedical Informatics},
volume = {100},
pages = {103303},
year = {2019},
issn = {1532-0464},
doi = {https://doi.org/10.1016/j.jbi.2019.103303},
url = {https://www.sciencedirect.com/science/article/pii/S1532046419302229},
author = {Peipei Chen and Wei Dong and Xudong Lu and Uzay Kaymak and Kunlun He and Zhengxing Huang},
keywords = {Individualized treatment effect estimation, Counterfactual inference, Deep representation learning, Multi-task learning, K-Nearest neighbors},
abstract = {Utilizing clinical observational data to estimate individualized treatment effects (ITE) is a challenging task, as confounding inevitably exists in clinical data. Most of the existing models for ITE estimation tackle this problem by creating unbiased estimators of the treatment effects. Although valuable, learning a balanced representation is sometimes directly opposed to the objective of learning an effective and discriminative model for ITE estimation. We propose a novel hybrid model bridging multi-task deep learning and K-nearest neighbors (KNN) for ITE estimation. In detail, the proposed model firstly adopts multi-task deep learning to extract both outcome-predictive and treatment-specific latent representations from Electronic Health Records (EHR), by jointly performing the outcome prediction and treatment category classification. Thereafter, we estimate counterfactual outcomes by KNN based on the learned hidden representations. We validate the proposed model on a widely used semi-simulated dataset, i.e. IHDP, and a real-world clinical dataset consisting of 736 heart failure (HF) patients. The performance of our model remains robust and reaches 1.7 and 0.23 in terms of Precision in the estimation of heterogeneous effect (PEHE) and average treatment effect (ATE), respectively, on IHDP dataset, and 0.703 and 0.796 in terms of accuracy and F1 score respectively, on HF dataset. The results demonstrate that the proposed model achieves competitive performance over state-of-the-art models. In addition, the results reveal several findings which are consistent with existing medical domain knowledge, and discover certain suggestive hypotheses that could be validated through further investigations in the clinical domain.}
}
@article{mccarter2022towards,
  title={Towards All-Purpose Domain Adaptation Under Confounding},
  author={McCarter, Calvin},
  journal={arXiv preprint arXiv:2203.12720},
  year={2022}
}
@inproceedings{zhang2021treatment,
  title={Treatment effect estimation with disentangled latent factors},
  author={Zhang, Weijia and Liu, Lin and Li, Jiuyong},
  booktitle={Proceedings of the AAAI Conference on Artificial Intelligence},
  volume={35},
  pages={10923--10930},
  year={2021}
}
@article{johansson2020generalization,
  title={Generalization bounds and representation learning for estimation of potential outcomes and causal effects},
  author={Johansson, Fredrik D and Shalit, Uri and Kallus, Nathan and Sontag, David},
  journal={arXiv preprint arXiv:2001.07426v3},
  year={2022}
}
@article{paszke2017automatic,
  title={Automatic differentiation in PyTorch},
  author={Paszke, Adam and Gross, Sam and Chintala, Soumith and Chanan, Gregory and Yang, Edward and DeVito, Zachary and Lin, Zeming and Desmaison, Alban and Antiga, Luca and Lerer, Adam},
  year={2017}
}
@article{goldberger2000physiobank,
  title={PhysioBank, PhysioToolkit, and PhysioNet: components of a new research resource for complex physiologic signals},
  author={Goldberger, Ary L and Amaral, Luis AN and Glass, Leon and Hausdorff, Jeffrey M and Ivanov, Plamen Ch and Mark, Roger G and Mietus, Joseph E and Moody, George B and Peng, Chung-Kang and Stanley, H Eugene},
  journal={circulation},
  volume={101},
  number={23},
  pages={e215--e220},
  year={2000},
  publisher={Am Heart Assoc}
}
@article{silva2012predicting,
  title={Predicting Mortality of ICU Patients: The PHYSIONET/Computing in Cardiology Challenge 2012},
  author={Silva, I and Moody, G and Mark, R and Celi, LA},
  journal={Predicting Mortality of ICU Patients: The PhysioNet/Computing in Cardiology Challenge},
  pages={v1},
  year={2012}
}
@article{bai2018empirical,
  title={An empirical evaluation of generic convolutional and recurrent networks for sequence modeling},
  author={Bai, Shaojie and Kolter, J Zico and Koltun, Vladlen},
  journal={arXiv preprint arXiv:1803.01271},
  year={2018}
}
@inproceedings{chauhan2022coper,
  title={COPER: Continuous Patient State Perceiver},
  author={Chauhan, Vinod Kumar and Thakur, Anshul and O'Donoghue, Odhran and Clifton, David Andrew},
  booktitle={2022 IEEE-EMBS International Conference on Biomedical and Health Informatics (BHI)},
  pages={1--4},
  year={2022},
  organization={IEEE}
}
@inproceedings{gal2016dropout,
  title={Dropout as a bayesian approximation: Representing model uncertainty in deep learning},
  author={Gal, Yarin and Ghahramani, Zoubin},
  booktitle={International Conference on Machine Learning},
  pages={1050--1059},
  year={2016},
  organization={PMLR}
}
@article{lu2022improving,
  title={Improving Classification of Tetanus Severity for Patients in Low-Middle Income Countries Wearing ECG Sensors by Using a CNN-Transformer Network},
  author={Lu, Ping and Wang, Chenyang and Hagenah, Jannis and Ghiasi, Shadi and Zhu, Tingting and Thwaites, Louise and Clifton, David A and others},
  journal={IEEE Transactions on Biomedical Engineering},
  year={2022},
  publisher={IEEE}
}
@article{hochreiter1997long,
  title={Long short-term memory},
  author={Hochreiter, Sepp and Schmidhuber, J{\"u}rgen},
  journal={Neural computation},
  volume={9},
  number={8},
  pages={1735--1780},
  year={1997},
  publisher={MIT Press}
}
@article{tipirneni2022self,
  title={Self-Supervised Transformer for Sparse and Irregularly Sampled Multivariate Clinical Time-Series},
  author={Tipirneni, Sindhu and Reddy, Chandan K},
  journal={ACM Transactions on Knowledge Discovery from Data (TKDD)},
  volume={16},
  number={6},
  pages={1--17},
  year={2022},
  publisher={ACM New York, NY}
}
@inproceedings{ha2017hypernetworks,
    title={HyperNetworks},
    author={David Ha and Andrew M. Dai and Quoc V. Le},
    booktitle={International Conference on Learning Representations},
    year={2017},
    url={https://openreview.net/forum?id=rkpACe1lx}
}
@article{athey2016recursive,
  title={Recursive partitioning for heterogeneous causal effects},
  author={Athey, Susan and Imbens, Guido},
  journal={Proceedings of the National Academy of Sciences},
  volume={113},
  number={27},
  pages={7353--7360},
  year={2016},
  publisher={National Acad Sciences}
}
@InProceedings{chauhan2023adversarial,
  title = {Adversarial De-confounding in Individualised Treatment Effects Estimation},
  author = {Chauhan, Vinod Kumar and Molaei, Soheila and Tania, Marzia Hoque and Thakur, Anshul and Zhu, Tingting and Clifton, David A.},
  booktitle = 	 {Proceedings of The 26th International Conference on Artificial Intelligence and Statistics},
  pages = 	 {837--849},
  year = 	 {2023},
  volume = 	 {206},
  month = 	 {25--27 Apr},
  publisher =    {PMLR},
  abstract = 	 {Observational studies have recently received significant attention from the machine learning community due to the increasingly available non-experimental observational data and the limitations of the experimental studies, such as considerable cost, impracticality, small and less representative sample sizes, etc. In observational studies, de-confounding is a fundamental problem of individualised treatment effects (ITE) estimation. This paper proposes disentangled representations with adversarial training to selectively balance the confounders in the binary treatment setting for the ITE estimation. The adversarial training of treatment policy selectively encourages treatment-agnostic balanced representations for the confounders and helps to estimate the ITE in the observational studies via counterfactual inference. Empirical results on synthetic and real-world datasets, with varying degrees of confounding, prove that our proposed approach improves the state-of-the-art methods in achieving lower error in the ITE estimation.}
}
@article{wiens2014study,
  title={A study in transfer learning: leveraging data from multiple hospitals to enhance hospital-specific predictions},
  author={Wiens, Jenna and Guttag, John and Horvitz, Eric},
  journal={Journal of the American Medical Informatics Association},
  volume={21},
  number={4},
  pages={699--706},
  year={2014},
  publisher={BMJ Publishing Group BMA House, Tavistock Square, London, WC1H 9JR}
}
@article{qian2020between,
  title={Between-centre differences for COVID-19 ICU mortality from early data in England},
  author={Qian, Zhaozhi and Alaa, Ahmed M and van der Schaar, Mihaela and Ercole, Ari},
  journal={Intensive Care Medicine},
  volume={46},
  pages={1779--1780},
  year={2020},
  publisher={Springer}
}
@inproceedings{bica2022transfer,
    title={Transfer Learning on Heterogeneous Feature Spaces for Treatment Effects Estimation},
    author={Ioana Bica and Mihaela van der Schaar},
    booktitle={Advances in Neural Information Processing Systems},
    editor={Alice H. Oh and Alekh Agarwal and Danielle Belgrave and Kyunghyun Cho},
    year={2022},
    url={https://openreview.net/forum?id=nRcyGtY2kBC}
}
@article{schmidhuber1992learning,
  title={Learning to control fast-weight memories: An alternative to dynamic recurrent networks},
  author={Schmidhuber, J{\"u}rgen},
  journal={Neural Computation},
  volume={4},
  number={1},
  pages={131--139},
  year={1992},
  publisher={MIT Press One Rogers Street, Cambridge, MA 02142-1209, USA}
}
@inproceedings{tay2021hypergrid,
    title={HyperGrid Transformers: Towards A Single Model for Multiple Tasks},
    author={Yi Tay and Zhe Zhao and Dara Bahri and Donald Metzler and Da-Cheng Juan},
    booktitle={International Conference on Learning Representations},
    year={2021},
    url={https://openreview.net/forum?id=hiq1rHO8pNT}
}
@inproceedings{zhang2018graph,
    title={Graph HyperNetworks for Neural Architecture Search},
    author={Chris Zhang and Mengye Ren and Raquel Urtasun},
    booktitle={International Conference on Learning Representations},
    year={2019},
    url={https://openreview.net/forum?id=rkgW0oA9FX},
}
@inproceedings{liu2019metapruning,
  title={Metapruning: Meta learning for automatic neural network channel pruning},
  author={Liu, Zechun and Mu, Haoyuan and Zhang, Xiangyu and Guo, Zichao and Yang, Xin and Cheng, Kwang-Ting and Sun, Jian},
  booktitle={Proceedings of the IEEE/CVF International Conference on Computer Vision},
  pages={3296--3305},
  year={2019}
}
@article{deutsch2019generative,
  title={A generative model for sampling high-performance and diverse weights for neural networks},
  author={Deutsch, Lior and Nijkamp, Erik and Yang, Yu},
  journal={arXiv preprint arXiv:1905.02898},
  year={2019}
}
@article{kristiadi2019predictive,
  title={Predictive uncertainty quantification with compound density networks},
  author={Kristiadi, Agustinus and D{\"a}ubener, Sina and Fischer, Asja},
  journal={arXiv preprint arXiv:1902.01080},
  year={2019}
}
@article{sun2017hypernetworks,
  title={HyperNetworks with statistical filtering for defending adversarial examples},
  author={Sun, Zhun and Ozay, Mete and Okatani, Takayuki},
  journal={arXiv preprint arXiv:1711.01791},
  year={2017}
}
@article{nie2021quasi,
  title={Quasi-oracle estimation of heterogeneous treatment effects},
  author={Nie, Xinkun and Wager, Stefan},
  journal={Biometrika},
  volume={108},
  number={2},
  pages={299--319},
  year={2021},
  publisher={Oxford University Press}
}
@article{kunzel2018transfer,
  title={Transfer learning for estimating causal effects using neural networks},
  author={K{\"u}nzel, S{\"o}ren R and Stadie, Bradly C and Vemuri, Nikita and Ramakrishnan, Varsha and Sekhon, Jasjeet S and Abbeel, Pieter},
  journal={arXiv preprint arXiv:1808.07804},
  year={2018}
}
@inproceedings{crabbe2022benchmarking,
    title={Benchmarking Heterogeneous Treatment Effect Models through the Lens of Interpretability},
    author={Jonathan Crabb{\'e} and Alicia Curth and Ioana Bica and Mihaela van der Schaar},
    booktitle={Thirty-sixth Conference on Neural Information Processing Systems Datasets and Benchmarks Track},
    year={2022},
    url={https://openreview.net/forum?id=ddPXQt-gM--}
}
@inproceedings{chang2020Principled,
    title={Principled Weight Initialization for Hypernetworks},
    author={Oscar Chang and Lampros Flokas and Hod Lipson},
    booktitle={International Conference on Learning Representations},
    year={2020},
    url={https://openreview.net/forum?id=H1lma24tPB}
}
@article{dorie2019automated,
  title={Automated versus do-it-yourself methods for causal inference: Lessons learned from a data analysis competition},
  author={Dorie, Vincent and Hill, Jennifer and Shalit, Uri and Scott, Marc and Cervone, Dan},
  journal={Statistical Science},
  volume={34},
  number={1},
  pages={43--68},
  year={2019},
  publisher={Institute of Mathematical Statistics}
}
@article{almond2005costs,
  title={The costs of low birth weight},
  author={Almond, Douglas and Chay, Kenneth Y and Lee, David S},
  journal={The Quarterly Journal of Economics},
  volume={120},
  number={3},
  pages={1031--1083},
  year={2005},
  publisher={MIT Press}
}
@article{machlanski2023hyperparameter,
  title={Hyperparameter Tuning and Model Evaluation in Causal Effect Estimation},
  author={Machlanski, Damian and Samothrakis, Spyridon and Clarke, Paul},
  journal={arXiv preprint arXiv:2303.01412},
  year={2023}
}
@article{chauhan2023dynamic,
  title={Dynamic inter-treatment information sharing for heterogeneous treatment effects estimation},
  author={Chauhan, Vinod Kumar and Zhou, Jiandong and Molaei, Soheila and Ghosheh, Ghadeer and Clifton, David A},
  journal={arXiv preprint arXiv:2305.15984},
  year={2023}
}
@InProceedings{chauhan2024dynamic,
  title = 	 {Dynamic Inter-treatment Information Sharing for Individualized Treatment Effects Estimation},
  author =       {Chauhan, Vinod Kumar and Zhou, Jiandong and Ghosheh, Ghadeer and Molaei, Soheila and A Clifton, David},
  booktitle = 	 {Proceedings of The 27th International Conference on Artificial Intelligence and Statistics},
  pages = 	 {3529--3537},
  year = 	 {2024},
  volume = 	 {238},
  series = 	 {Proceedings of Machine Learning Research},
  month = 	 {02--04 May},
  publisher =    {PMLR},
}
@article{chauhan2023hcr,
  title={{HCR-Net}: A deep learning based script independent handwritten character recognition network},
  author={Chauhan, Vinod Kumar and Singh, Sukhdeep and Sharma, Anuj},
  journal={arXiv preprint arXiv:2108.06663},
  year={2023}
}
@article{eslami2018neural,
  title={Neural scene representation and rendering},
  author={Eslami, SM Ali and Jimenez Rezende, Danilo and Besse, Frederic and Viola, Fabio and Morcos, Ari S and Garnelo, Marta and Ruderman, Avraham and Rusu, Andrei A and Danihelka, Ivo and Gregor, Karol and others},
  journal={Science},
  volume={360},
  number={6394},
  pages={1204--1210},
  year={2018},
  publisher={American Association for the Advancement of Science}
}
@inproceedings{brock2018smash,
    title={{SMASH}: One-Shot Model Architecture Search through HyperNetworks},
    author={Andrew Brock and Theo Lim and J.M. Ritchie and Nick Weston},
    booktitle={International Conference on Learning Representations},
    year={2018}
}
@article{elsken2019neural,
  title={Neural architecture search: A survey},
  author={Elsken, Thomas and Metzen, Jan Hendrik and Hutter, Frank},
  journal={The Journal of Machine Learning Research},
  volume={20},
  number={1},
  pages={1997--2017},
  year={2019},
  publisher={JMLR. org}
}
@inproceedings{ratzlaff2019hypergan,
  title={Hypergan: A generative model for diverse, performant neural networks},
  author={Ratzlaff, Neale and Fuxin, Li},
  booktitle={International Conference on Machine Learning},
  pages={5361--5369},
  year={2019},
  organization={PMLR}
}
@article{stanley2009hypercube,
  title={A hypercube-based encoding for evolving large-scale neural networks},
  author={Stanley, Kenneth O and D'Ambrosio, David B and Gauci, Jason},
  journal={Artificial Life},
  volume={15},
  number={2},
  pages={185--212},
  year={2009},
  publisher={MIT Press One Rogers Street, Cambridge, MA 02142-1209, USA journals-info~…}
}
@inproceedings{schmidhuber1993self,
  title={A ‘self-referential’weight matrix},
  author={Schmidhuber, J{\"u}rgen},
  booktitle={ICANN’93: Proceedings of the International Conference on Artificial Neural Networks Amsterdam, The Netherlands 13--16 September 1993 3},
  pages={446--450},
  year={1993},
  organization={Springer}
}
@misc{krueger2018bayesian,
    title={Bayesian Hypernetworks},
    author={David Krueger and Chin-Wei Huang and Riashat Islam and Ryan Turner and Alexandre Lacoste and Aaron Courville},
    year={2018},
    url={https://openreview.net/forum?id=S1fcY-Z0-},
}
@InProceedings{Alaluf2022HyperStyle,
    author    = {Alaluf, Yuval and Tov, Omer and Mokady, Ron and Gal, Rinon and Bermano, Amit},
    title     = {HyperStyle: StyleGAN Inversion With HyperNetworks for Real Image Editing},
    booktitle = {Proceedings of the IEEE/CVF Conference on Computer Vision and Pattern Recognition (CVPR)},
    month     = {June},
    year      = {2022},
    pages     = {18511-18521}
}
@inproceedings{zhao2020meta,
  title={Meta-Learning via Hypernetworks},
  author={Zhao, Dominic and Kobayashi, Seijin and Sacramento, Jo{\~a}o and Von Oswald, Johannes},
  booktitle={4th Workshop on Meta-Learning at NeurIPS 2020 (MetaLearn 2020)},
  year={2020},
  organization={NeurIPS}
}
@inproceedings{rusu2018metalearning,
    title={Meta-Learning with Latent Embedding Optimization},
    author={Andrei A. Rusu and Dushyant Rao and Jakub Sygnowski and Oriol Vinyals and Razvan Pascanu and Simon Osindero and Raia Hadsell},
    booktitle={International Conference on Learning Representations},
    year={2019},
    url={https://openreview.net/forum?id=BJgklhAcK7},
}
@inproceedings{Galanti2020,
 author = {Galanti, Tomer and Wolf, Lior},
 booktitle = {Advances in Neural Information Processing Systems},
 editor = {H. Larochelle and M. Ranzato and R. Hadsell and M.F. Balcan and H. Lin},
 pages = {10409--10419},
 publisher = {Curran Associates, Inc.},
 title = {On the Modularity of Hypernetworks},
 url = {https://proceedings.neurips.cc/paper_files/paper/2020/file/75c58d36157505a600e0695ed0b3a22d-Paper.pdf},
 volume = {33},
 year = {2020}
}
@inproceedings{balavzevic2019hypernetwork,
  title={Hypernetwork knowledge graph embeddings},
  author={Bala{\v{z}}evi{\'c}, Ivana and Allen, Carl and Hospedales, Timothy M},
  booktitle={Artificial Neural Networks and Machine Learning--ICANN 2019: Workshop and Special Sessions: 28th International Conference on Artificial Neural Networks, Munich, Germany, September 17--19, 2019, Proceedings 28},
  pages={553--565},
  year={2019},
  organization={Springer}
}
@inproceedings{nirkin2021hyperseg,
  title={Hyperseg: Patch-wise hypernetwork for real-time semantic segmentation},
  author={Nirkin, Yuval and Wolf, Lior and Hassner, Tal},
  booktitle={Proceedings of the IEEE/CVF Conference on Computer Vision and Pattern Recognition},
  pages={4061--4070},
  year={2021}
}
@inproceedings{mahabadi2021parameter,
  title={Parameter-efficient Multi-task Fine-tuning for Transformers via Shared Hypernetworks},
  author={Mahabadi, Rabeeh Karimi and Ruder, Sebastian and Dehghani, Mostafa and Henderson, James},
  booktitle={Proceedings of the 59th Annual Meeting of the Association for Computational Linguistics and the 11th International Joint Conference on Natural Language Processing (Volume 1: Long Papers)},
  pages={565--576},
  year={2021}
}
@inproceedings{li2020dhp,
  title={Dhp: Differentiable meta pruning via hypernetworks},
  author={Li, Yawei and Gu, Shuhang and Zhang, Kai and Van Gool, Luc and Timofte, Radu},
  booktitle={Computer Vision--ECCV 2020: 16th European Conference, Glasgow, UK, August 23--28, 2020, Proceedings, Part VIII 16},
  pages={608--624},
  year={2020},
  organization={Springer}
}
@article{peng2020cream,
  title={Cream of the crop: Distilling prioritized paths for one-shot neural architecture search},
  author={Peng, Houwen and Du, Hao and Yu, Hongyuan and Li, Qi and Liao, Jing and Fu, Jianlong},
  journal={Advances in Neural Information Processing Systems},
  volume={33},
  pages={17955--17964},
  year={2020}
}
@inproceedings{sarafian2021recomposing,
  title={Recomposing the reinforcement learning building blocks with hypernetworks},
  author={Sarafian, Elad and Keynan, Shai and Kraus, Sarit},
  booktitle={International Conference on Machine Learning},
  pages={9301--9312},
  year={2021},
  organization={PMLR}
}
@inproceedings{littwin2019deep,
  title={Deep meta functionals for shape representation},
  author={Littwin, Gidi and Wolf, Lior},
  booktitle={Proceedings of the IEEE/CVF International Conference on Computer Vision},
  pages={1824--1833},
  year={2019}
}
@inproceedings{beck2023hypernetworks,
  title={Hypernetworks in Meta-Reinforcement Learning},
  author={Beck, Jacob and Jackson, Matthew Thomas and Vuorio, Risto and Whiteson, Shimon},
  booktitle={Conference on Robot Learning},
  pages={1478--1487},
  year={2023},
  organization={PMLR}
}
@article{littwin2020infinite,
  title={On infinite-width hypernetworks},
  author={Littwin, Etai and Galanti, Tomer and Wolf, Lior and Yang, Greg},
  journal={Advances in neural information processing systems},
  volume={33},
  pages={13226--13237},
  year={2020}
}
@inproceedings{huang2021continual,
  title={Continual model-based reinforcement learning with hypernetworks},
  author={Huang, Yizhou and Xie, Kevin and Bharadhwaj, Homanga and Shkurti, Florian},
  booktitle={2021 IEEE International Conference on Robotics and Automation (ICRA)},
  pages={799--805},
  year={2021},
  organization={IEEE}
}
@article{pan2018hyperst,
  title={Hyperst-net: Hypernetworks for spatio-temporal forecasting},
  author={Pan, Zheyi and Liang, Yuxuan and Zhang, Junbo and Yi, Xiuwen and Yu, Yong and Zheng, Yu},
  journal={arXiv preprint arXiv:1809.10889},
  year={2018}
}
@article{rezaei2023hypernetworks,
  title={Hypernetworks for Zero-shot Transfer in Reinforcement Learning},
  author={Rezaei-Shoshtari, Sahand and Morissette, Charlotte and Hogan, Francois Robert and Dudek, Gregory and Meger, David},
  journal={arXiv preprint arXiv:2211.15457},
  year={2023}
}
@inproceedings{Shih2021,
 author = {Shih, Andy and Sadigh, Dorsa and Ermon, Stefano},
 booktitle = {Advances in Neural Information Processing Systems},
 editor = {M. Ranzato and A. Beygelzimer and Y. Dauphin and P.S. Liang and J. Wortman Vaughan},
 pages = {8571--8582},
 publisher = {Curran Associates, Inc.},
 title = {HyperSPNs: Compact and Expressive Probabilistic Circuits},
 volume = {34},
 year = {2021}
}
@inproceedings{szatkowski2022hypersound,
    title={HyperSound: Generating Implicit Neural Representations of Audio Signals with Hypernetworks},
    author={Filip Szatkowski and Karol J. Piczak and Przemys{\l}aw Spurek and Jacek Tabor and Tomasz Trzcinski},
    booktitle={Sixth Workshop on Meta-Learning at the Conference on Neural Information Processing Systems},
    year={2022},
}
@InProceedings{Hofer2023,
    author    = {H\"ofer, Timon and Kiefer, Benjamin and Messmer, Martin and Zell, Andreas},
    title     = {HyperPosePDF - Hypernetworks Predicting the Probability Distribution on SO(3)},
    booktitle = {Proceedings of the IEEE/CVF Winter Conference on Applications of Computer Vision (WACV)},
    month     = {January},
    year      = {2023},
    pages     = {2369-2379}
}
@article{volk2022example,
  title={Example-based hypernetworks for out-of-distribution generalization},
  author={Volk, Tomer and Ben-David, Eyal and Amosy, Ohad and Chechik, Gal and Reichart, Roi},
  journal={arXiv preprint arXiv:2203.14276},
  year={2022}
}
@InProceedings{Muller2021,
    author    = {Muller, Lorenz K.},
    title     = {Overparametrization of HyperNetworks at Fixed FLOP-Count Enables Fast Neural Image Enhancement},
    booktitle = {Proceedings of the IEEE/CVF Conference on Computer Vision and Pattern Recognition (CVPR) Workshops},
    month     = {June},
    year      = {2021},
    pages     = {284-293}
}
@article{oh2022cvae,
  title={Cvae-h: Conditionalizing variational autoencoders via hypernetworks and trajectory forecasting for autonomous driving},
  author={Oh, Geunseob and Peng, Huei},
  journal={arXiv preprint arXiv:2201.09874},
  year={2022}
}
@inproceedings{devlin-etal-2019-bert,
    title = "{BERT}: Pre-training of Deep Bidirectional Transformers for Language Understanding",
    author = "Devlin, Jacob  and
      Chang, Ming-Wei  and
      Lee, Kenton  and
      Toutanova, Kristina",
    booktitle = "Proceedings of the 2019 Conference of the North {A}merican Chapter of the Association for Computational Linguistics: Human Language Technologies, Volume 1 (Long and Short Papers)",
    month = jun,
    year = "2019",
    address = "Minneapolis, Minnesota",
    publisher = "Association for Computational Linguistics",
    pages = "4171--4186"
}
@article{li2017deep,
  title={Deep reinforcement learning: An overview},
  author={Li, Yuxi},
  journal={arXiv preprint arXiv:1701.07274},
  year={2017}
}
@article{alzubaidi2021review,
  title={Review of deep learning: Concepts, CNN architectures, challenges, applications, future directions},
  author={Alzubaidi, Laith and Zhang, Jinglan and Humaidi, Amjad J and Al-Dujaili, Ayad and Duan, Ye and Al-Shamma, Omran and Santamar{\'\i}a, Jos{\'e} and Fadhel, Mohammed A and Al-Amidie, Muthana and Farhan, Laith},
  journal={Journal of Big Data},
  volume={8},
  pages={1--74},
  year={2021},
  publisher={Springer}
}
@InProceedings{Lee_2020_CVPR,
    author = {Lee, Eugene and Lee, Chen-Yi},
    title = {NeuralScale: Efficient Scaling of Neurons for Resource-Constrained Deep Neural Networks},
    booktitle = {Proceedings of the IEEE/CVF Conference on Computer Vision and Pattern Recognition (CVPR)},
    month = {June},
    year = {2020}
}
@article{chauhan2024continuous,
  title={Continuous patient state attention model for addressing irregularity in electronic health records},
  author={Chauhan, Vinod Kumar and Thakur, Anshul and O’Donoghue, Odhran and Rohanian, Omid and Molaei, Soheila and Clifton, David A},
  journal={BMC Medical Informatics and Decision Making},
  volume={24},
  number={1},
  pages={117},
  year={2024},
  publisher={Springer}
}
@article{chauhan2022continuous,
  title={Continuous Patient State Attention Models},
  author={Chauhan, Vinod Kumar and Thakur, Anshul and O'Donoghue, Odhran and Rohanian, Omid and Clifton, David A},
  journal={medRxiv},
  pages={2022--12},
  year={2022},
  publisher={Cold Spring Harbor Laboratory Press}
}
@article{abdar2021review,
  title={A review of uncertainty quantification in deep learning: Techniques, applications and challenges},
  author={Abdar, Moloud and Pourpanah, Farhad and Hussain, Sadiq and Rezazadegan, Dana and Liu, Li and Ghavamzadeh, Mohammad and Fieguth, Paul and Cao, Xiaochun and Khosravi, Abbas and Acharya, U Rajendra and others},
  journal={Information Fusion},
  volume={76},
  pages={243--297},
  year={2021},
  publisher={Elsevier}
}
@article{madry2017towards,
  title={Towards deep learning models resistant to adversarial attacks},
  author={Madry, Aleksander and Makelov, Aleksandar and Schmidt, Ludwig and Tsipras, Dimitris and Vladu, Adrian},
  journal={arXiv preprint arXiv:1706.06083},
  year={2017}
}
@inproceedings{glorot2010understanding,
  title={Understanding the difficulty of training deep feedforward neural networks},
  author={Glorot, Xavier and Bengio, Yoshua},
  booktitle={Proceedings of the Thirteenth International Conference on Artificial Intelligence and Statistics},
  pages={249--256},
  year={2010},
  organization={JMLR Workshop and Conference Proceedings}
}
@inproceedings{he2015delving,
  title={Delving deep into rectifiers: Surpassing human-level performance on imagenet classification},
  author={He, Kaiming and Zhang, Xiangyu and Ren, Shaoqing and Sun, Jian},
  booktitle={Proceedings of the IEEE International Conference on Computer Vision},
  pages={1026--1034},
  year={2015}
}
@article{wullach2022character,
  title={Character-level hypernetworks for hate speech detection},
  author={Wullach, Tomer and Adler, Amir and Minkov, Einat},
  journal={Expert Systems with Applications},
  volume={205},
  pages={117571},
  year={2022},
  publisher={Elsevier}
}
@inproceedings{belbute-peres2021hyperpinn,
    title={Hyper{PINN}: Learning parameterized differential equations with physics-informed hypernetworks},
    author={Filipe de Avila Belbute-Peres and Yi-fan Chen and Fei Sha},
    booktitle={The Symbiosis of Deep Learning and Differential Equations},
    year={2021},
    url={https://openreview.net/forum?id=LxUuRDUhRjM}
}
@inproceedings{henning2021posterior,
    title={Posterior Meta-Replay for Continual Learning},
    author={Christian Henning and Maria Cervera and Francesco D'Angelo and Johannes Von Oswald and Regina Traber and Benjamin Ehret and Seijin Kobayashi and Benjamin F Grewe and Joao Sacramento},
    booktitle={Advances in Neural Information Processing Systems},
    editor={A. Beygelzimer and Y. Dauphin and P. Liang and J. Wortman Vaughan},
    year={2021},
    url={https://openreview.net/forum?id=AhuVLaYp6gn}
}
@inproceedings{ehret2021continual,
    title={Continual learning in recurrent neural networks},
    author={Benjamin Ehret and Christian Henning and Maria Cervera and Alexander Meulemans and Johannes Von Oswald and Benjamin F Grewe},
    booktitle={International Conference on Learning Representations},
    year={2021},
    url={https://openreview.net/forum?id=8xeBUgD8u9}
}
@article{carrasquilla2023quantum,
  title={Quantum HyperNetworks: Training Binary Neural Networks in Quantum Superposition},
  author={Carrasquilla, Juan and Hibat-Allah, Mohamed and Inack, Estelle and Makhzani, Alireza and Neklyudov, Kirill and Taylor, Graham W and Torlai, Giacomo},
  journal={arXiv preprint arXiv:2301.08292},
  year={2023}
}
@InProceedings{Ruta2023,
    author="Ruta, Dan
    and Gilbert, Andrew
    and Motiian, Saeid
    and Faieta, Baldo
    and Lin, Zhe
    and Collomosse, John",
    editor="Karlinsky, Leonid
    and Michaeli, Tomer
    and Nishino, Ko",
    title="HyperNST: Hyper-Networks for Neural Style Transfer",
    booktitle="Computer Vision -- ECCV 2022 Workshops",
    year="2023",
    publisher="Springer Nature Switzerland",
    address="Cham",
    pages="201--217",
}
@article{qu2022hmoe,
  title={HMOE: Hypernetwork-based Mixture of Experts for Domain Generalization},
  author={Qu, Jingang and Faney, Thibault and Wang, Ze and Gallinari, Patrick and Yousef, Soleiman and de Hemptinne, Jean-Charles},
  journal={arXiv preprint arXiv:2211.08253},
  year={2022}
}
@article{lamb2021contextual,
  title={Contextual HyperNetworks for Novel Feature Adaptation},
  author={Lamb, Angus and Saveliev, Evgeny and Li, Yingzhen and Tschiatschek, Sebastian and Longden, Camilla and Woodhead, Simon and Hern{\'a}ndez-Lobato, Jos{\'e} Miguel and Turner, Richard E and Cameron, Pashmina and Zhang, Cheng},
  journal={arXiv preprint arXiv:2104.05860},
  year={2021}
}
@InProceedings{Nguyen2021,
    author="Nguyen, Phuoc
    and Tran, Truyen
    and Le, Ky
    and Gupta, Sunil
    and Rana, Santu
    and Nguyen, Dang
    and Nguyen, Trong
    and Ryan, Shannon
    and Venkatesh, Svetha",
    editor="Oliver, Nuria
    and P{\'e}rez-Cruz, Fernando
    and Kramer, Stefan
    and Read, Jesse
    and Lozano, Jose A.",
    title="Fast Conditional Network Compression Using Bayesian HyperNetworks",
    booktitle="Machine Learning and Knowledge Discovery in Databases. Research Track",
    year="2021",
    publisher="Springer International Publishing",
    address="Cham",
    pages="330--345",
}
@ARTICLE{Spurek2022,
  author={Spurek, Przemyslaw and Zieba, Maciej and Tabor, Jacek and Trzcinski, Tomasz},
  journal={IEEE Transactions on Pattern Analysis and Machine Intelligence}, 
  title={General Hypernetwork Framework for Creating 3D Point Clouds}, 
  year={2022},
  volume={44},
  number={12},
  pages={9995-10008},
  doi={10.1109/TPAMI.2021.3131131}
}
@inproceedings{Bensadoun2021,
 author = {Bensadoun, Raphael and Gur, Shir and Galanti, Tomer and Wolf, Lior},
 booktitle = {Advances in Neural Information Processing Systems},
 editor = {M. Ranzato and A. Beygelzimer and Y. Dauphin and P.S. Liang and J. Wortman Vaughan},
 pages = {20645--20656},
 publisher = {Curran Associates, Inc.},
 title = {Meta Internal Learning},
 volume = {34},
 year = {2021}
}
@article{ferens2023hyperpose,
  title={HyperPose: Camera Pose Localization using Attention Hypernetworks},
  author={Ferens, Ron and Keller, Yosi},
  journal={arXiv preprint arXiv:2303.02610},
  year={2023}
}
@inproceedings{dinh2022hyperinverter,
  title={Hyperinverter: Improving stylegan inversion via hypernetwork},
  author={Dinh, Tan M and Tran, Anh Tuan and Nguyen, Rang and Hua, Binh-Son},
  booktitle={Proceedings of the IEEE/CVF Conference on Computer Vision and Pattern Recognition},
  pages={11389--11398},
  year={2022}
}
@inproceedings{yin2022sylph,
  title={Sylph: A hypernetwork framework for incremental few-shot object detection},
  author={Yin, Li and Perez-Rua, Juan M and Liang, Kevin J},
  booktitle={Proceedings of the IEEE/CVF Conference on Computer Vision and Pattern Recognition},
  pages={9035--9045},
  year={2022}
}
@article{wu2023hyperinr,
  title={HyperINR: A Fast and Predictive Hypernetwork for Implicit Neural Representations via Knowledge Distillation},
  author={Wu, Qi and Bauer, David and Chen, Yuyang and Ma, Kwan-Liu},
  journal={arXiv preprint arXiv:2304.04188},
  year={2023}
}
@inproceedings{klocek2019hypernetwork,
  title={Hypernetwork functional image representation},
  author={Klocek, Sylwester and Maziarka, {\L}ukasz and Wo{\l}czyk, Maciej and Tabor, Jacek and Nowak, Jakub and {\'S}mieja, Marek},
  booktitle={Artificial Neural Networks and Machine Learning--ICANN 2019: Workshop and Special Sessions: 28th International Conference on Artificial Neural Networks, Munich, Germany, September 17--19, 2019, Proceedings 28},
  pages={496--510},
  year={2019},
  organization={Springer}
}
@article{chauhan2024brief,
  title={A brief review of hypernetworks in deep learning},
  author={Chauhan, Vinod Kumar and Zhou, Jiandong and Lu, Ping and Molaei, Soheila and Clifton, David A},
  journal={Artificial Intelligence Review},
  volume={57},
  number={9},
  pages={250},
  year={2024},
  publisher={Springer}
}
@inproceedings{sendera2023hypershot,
  title={Hypershot: Few-shot learning by kernel hypernetworks},
  author={Sendera, Marcin and Przewi{\k{e}}{\'z}likowski, Marcin and Karanowski, Konrad and Zi{\k{e}}ba, Maciej and Tabor, Jacek and Spurek, Przemys{\l}aw},
  booktitle={Proceedings of the IEEE/CVF Winter Conference on Applications of Computer Vision},
  pages={2469--2478},
  year={2023}
}
@article{sendera2023general,
  title={The general framework for few-shot learning by kernel HyperNetworks},
  author={Sendera, Marcin and Przewi{\k{e}}{\'z}likowski, Marcin and Miksa, Jan and Rajski, Mateusz and Karanowski, Konrad and Zi{\k{e}}ba, Maciej and Tabor, Jacek and Spurek, Przemys{\l}aw},
  journal={Machine Vision and Applications},
  volume={34},
  number={4},
  pages={53},
  year={2023},
  publisher={Springer}
}
@inproceedings{spurek2020hypernetwork,
  title={Hypernetwork approach to generating point clouds},
  author={Spurek, Przemys{\l}aw and Winczowski, Sebastian and Tabor, Jacek and Zamorski, Maciej and Zieba, Maciej and Trzci{\'n}ski, Tomasz},
  booktitle={Proceedings of the 37th International Conference on Machine Learning},
  pages={9099--9108},
  year={2020}
}
@inproceedings{spurek2022hyperpocket,
  title={Hyperpocket: Generative point cloud completion},
  author={Spurek, Przemys{\l}aw and Kasymov, Artur and Mazur, Marcin and Janik, Diana and Tadeja, Slawomir K and Tabor, J and Trzci{\'n}ski, T and others},
  booktitle={2022 IEEE/RSJ International Conference on Intelligent Robots and Systems (IROS)},
  pages={6848--6853},
  year={2022},
  organization={IEEE}
}
@article{kania2023hypernerfgan,
  title={Hypernerfgan: Hypernetwork approach to 3d nerf gan},
  author={Kania, Adam and Kasymov, Artur and Zi{\k{e}}ba, Maciej and Spurek, Przemys{\l}aw},
  journal={arXiv preprint arXiv:2301.11631},
  year={2023}
}
@article{przewikezlikowski2022hypermaml,
  title={Hypermaml: Few-shot adaptation of deep models with hypernetworks},
  author={Zi{\k{e}}ba, M},
  journal={arXiv preprint arXiv:2205.15745},
  year={2022}
}
@inproceedings{hoang2023improving,
  title={Improving pareto front learning via multi-sample hypernetworks},
  author={Hoang, Long P and Le, Dung D and Tuan, Tran Anh and Thang, Tran Ngoc},
  booktitle={Proceedings of the AAAI Conference on Artificial Intelligence},
  volume={37(7)},
  pages={7875--7883},
  year={2023}
}
@article{Tuan2024,
    title = {A framework for controllable Pareto front learning with completed scalarization functions and its applications},
    journal = {Neural Networks},
    volume = {169},
    pages = {257-273},
    year = {2024},
    issn = {0893-6080},
    author = {Tran Anh Tuan and Long P. Hoang and Dung D. Le and Tran Ngoc Thang},
}
@article{litany2022federated,
  title={Federated learning with heterogeneous architectures using graph hypernetworks},
  author={Litany, Or and Maron, Haggai and Acuna, David and Kautz, Jan and Chechik, Gal and Fidler, Sanja},
  journal={arXiv preprint arXiv:2201.08459},
  year={2022}
}
@article{srivastava2014dropout,
  title={Dropout: a simple way to prevent neural networks from overfitting},
  author={Srivastava, Nitish and Hinton, Geoffrey and Krizhevsky, Alex and Sutskever, Ilya and Salakhutdinov, Ruslan},
  journal={The journal of machine learning research},
  volume={15},
  number={1},
  pages={1929--1958},
  year={2014}
}
@inproceedings{rohanian-etal-2023-using,
    title = "Using Bottleneck Adapters to Identify Cancer in Clinical Notes under Low-Resource Constraints",
    author = "Rohanian, Omid  and
      Jauncey, Hannah  and
      Nouriborji, Mohammadmahdi  and
      Chauhan, Vinod Kumar  and
      Gonalves, Bronner P.  and
      Kartsonaki, Christiana  and
      Clinical Characterisation Group, Isaric  and
      Merson, Laura  and
      Clifton, David",
    booktitle = "The 22nd Workshop on Biomedical Natural Language Processing and BioNLP Shared Tasks",
    month = jul,
    year = "2023",
    address = "Toronto, Canada",
    publisher = "Association for Computational Linguistics",
    pages = "62--78"
}
@inproceedings{guo2023estimating,
  title={Estimating Heterogeneous Treatment Effects: Mutual Information Bounds and Learning Algorithms},
  author={Guo, Xingzhuo and Zhang, Yuchen and Wang, Jianmin and Long, Mingsheng},
booktitle={ICML},
  year={2023}
}
@inproceedings{xue2023assisting,
  title={Assisting Clinical Decisions for Scarcely Available Treatment via Disentangled Latent Representation},
  author={Xue, Bing and Said, Ahmed Sameh and Xu, Ziqi and Liu, Hanyang and Shah, Neel and Yang, Hanqing and Payne, Philip and Lu, Chenyang},
  booktitle={Proceedings of the 29th ACM SIGKDD Conference on Knowledge Discovery and Data Mining},
  pages={5360--5371},
  year={2023}
}
@article{nilforoshan2023zero,
  title={Zero-shot causal learning},
  author={Nilforoshan, Hamed and Moor, Michael and Roohani, Yusuf and Chen, Yining and {\v{S}}urina, Anja and Yasunaga, Michihiro and Oblak, Sara and Leskovec, Jure},
  journal={Advances in Neural Information Processing Systems},
  volume={36},
  pages={6862--6901},
  year={2023}
}
@article{maurer2016benefit,
  title={The benefit of multitask representation learning},
  author={Maurer, Andreas and Pontil, Massimiliano and Romera-Paredes, Bernardino},
  journal={Journal of Machine Learning Research},
  volume={17},
  number={81},
  pages={1--32},
  year={2016}
}
@inproceedings{aloui2023transfer,
  title={Transfer learning for individual treatment effect estimation},
  author={Aloui, Ahmed and Dong, Juncheng and Le, Cat P and Tarokh, Vahid},
  booktitle={Uncertainty in Artificial Intelligence},
  pages={56--66},
  year={2023},
  organization={PMLR}
}
@inproceedings{Miyato2018spectral,
    title={Spectral Normalization for Generative Adversarial Networks},
    author={Takeru Miyato and Toshiki Kataoka and Masanori Koyama and Yuichi Yoshida},
    booktitle={International Conference on Learning Representations},
    year={2018},
    url={https://openreview.net/forum?id=B1QRgziT-},
}
@article{wen2023variational,
  title={Variational Counterfactual Prediction under Runtime Domain Corruption},
  author={Wen, Hechuan and Chen, Tong and Chai, Li Kheng and Sadiq, Shazia and Gao, Junbin and Yin, Hongzhi},
  journal={arXiv preprint arXiv:2306.13271},
  year={2023}
}
@inproceedings{berrevoets2023impute,
  title={To impute or not to impute? missing data in treatment effect estimation},
  author={Berrevoets, Jeroen and Imrie, Fergus and Kyono, Trent and Jordon, James and van der Schaar, Mihaela},
  booktitle={International Conference on Artificial Intelligence and Statistics},
  pages={3568--3590},
  year={2023},
  organization={PMLR}
}
@article{curth2023search,
  title={In Search of Insights, Not Magic Bullets: Towards Demystification of the Model Selection Dilemma in Heterogeneous Treatment Effect Estimation},
  author={Curth, Alicia and van der Schaar, Mihaela},
journal={ICML},
  year={2023}
}
@inproceedings{curth2023understanding,
  title={Understanding the impact of competing events on heterogeneous treatment effect estimation from time-to-event data},
  author={Curth, Alicia and van der Schaar, Mihaela},
  booktitle={International Conference on Artificial Intelligence and Statistics},
  pages={7961--7980},
  year={2023},
  organization={PMLR}
}
@article{yao2021survey,
  title={A survey on causal inference},
  author={Yao, Liuyi and Chu, Zhixuan and Li, Sheng and Li, Yaliang and Gao, Jing and Zhang, Aidong},
  journal={ACM Transactions on Knowledge Discovery from Data (TKDD)},
  volume={15},
  number={5},
  pages={1--46},
  year={2021},
  publisher={ACM New York, NY, USA}
}
@article{tesei2023learning,
  title={Learning end-to-end patient representations through self-supervised covariate balancing for causal treatment effect estimation},
  author={Tesei, Gino and Giampanis, Stefanos and Shi, Jingpu and Norgeot, Beau},
  journal={Journal of Biomedical Informatics},
  volume={140},
  pages={104339},
  year={2023},
  publisher={Elsevier}
}
@book{pearl2018book,
  title={The book of why: the new science of cause and effect},
  author={Pearl, Judea and Mackenzie, Dana},
  year={2018},
  publisher={Basic books}
}
@book{pearl2016causal,
  title={Causal inference in statistics: A primer},
  author={Pearl, Judea and Glymour, Madelyn and Jewell, Nicholas P},
  year={2016},
  publisher={John Wiley \& Sons}
}
% references for selection bias paper
% % % % % % % % % % % % % % % % % % % 
@INPROCEEDINGS{Du2022fair,
  author={Du, Wei and Wu, Xintao and Tong, Hanghang},
  booktitle={IEEE International Conference on Big Data}, 
  title={Fair Regression under Sample Selection Bias}, 
  year={2022},
  volume={},
  number={},
  pages={1435-1444},
  doi={10.1109/BigData55660.2022.10021107}
}
@incollection{heckman1976common,
  title={The common structure of statistical models of truncation, sample selection and limited dependent variables and a simple estimator for such models},
  author={Heckman, James J},
  booktitle={Annals of economic and social measurement, volume 5, number 4},
  pages={475--492},
  year={1976},
  publisher={NBER}
}
@article{heckman1979sample,
  title={Sample selection bias as a specification error},
  author={Heckman, James J},
  journal={Econometrica: Journal of the econometric society},
  pages={153--161},
  year={1979},
  publisher={JSTOR}
}
@article{gronau1974wage,
  title={Wage comparisons--A selectivity bias},
  author={Gronau, Reuben},
  journal={Journal of political Economy},
  volume={82},
  number={6},
  pages={1119--1143},
  year={1974},
  publisher={The University of Chicago Press}
}
@article{Navarron2021,
	author = {Constanza L Andaur Navarro and Johanna A A Damen and Toshihiko Takada and Steven W J Nijman and Paula Dhiman and Jie Ma and Gary S Collins and Ram Bajpai and Richard D Riley and Karel G M Moons and Lotty Hooft},
	title = {Risk of bias in studies on prediction models developed using supervised machine learning techniques: systematic review},
	volume = {375},
	year = {2021},
	doi = {10.1136/bmj.n2281},
	publisher = {BMJ Publishing Group Ltd},
	journal = {BMJ}
}
@article{Jong2021appraising,
  title={Appraising prediction research: a guide and meta-review on bias and applicability assessment using the Prediction model Risk Of Bias ASsessment Tool (PROBAST)},
  author={de Jong, Ype and Ramspek, Chava L and Zoccali, Carmine and Jager, Kitty J and Dekker, Friedo W and van Diepen, Merel},
  journal={Nephrology},
  volume={26},
  number={12},
  pages={939--947},
  year={2021},
  publisher={Wiley Online Library}
}
@article{wolff2019probast,
  title={PROBAST: a tool to assess the risk of bias and applicability of prediction model studies},
  author={Wolff, Robert F and Moons, Karel GM and Riley, Richard D and Whiting, Penny F and Westwood, Marie and Collins, Gary S and Reitsma, Johannes B and Kleijnen, Jos and Mallett, Sue and PROBAST Group†},
  journal={Annals of internal medicine},
  volume={170},
  number={1},
  pages={51--58},
  year={2019},
  publisher={American College of Physicians}
}
@article{Banasik2003,
author = {J Banasik, J Crook and L Thomas},
title = {Sample selection bias in credit scoring models},
journal = {Journal of the Operational Research Society},
volume = {54},
number = {8},
pages = {822-832},
year = {2003},
publisher = {Taylor & Francis},
doi = {10.1057/palgrave.jors.2601578}
}
@article{yu2020one,
  title={One algorithm may not fit all: how selection bias affects machine learning performance},
  author={Yu, Alice C and Eng, John},
  journal={Radiographics},
  volume={40},
  number={7},
  pages={1932--1937},
  year={2020},
  publisher={Radiological Society of North America}
}
@article{banack2019investigating,
  title={Investigating and remediating selection bias in geriatrics research: the selection bias toolkit},
  author={Banack, Hailey R and Kaufman, Jay S and Wactawski-Wende, Jean and Troen, Bruce R and Stovitz, Steven D},
  journal={Journal of the American Geriatrics Society},
  volume={67},
  number={9},
  pages={1970--1976},
  year={2019},
  publisher={Wiley Online Library}
}
@article{wynants2020prediction,
  title={Prediction models for diagnosis and prognosis of covid-19: systematic review and critical appraisal},
  author={Wynants, Laure and Van Calster, Ben and Collins, Gary S and Riley, Richard D and Heinze, Georg and Schuit, Ewoud and Albu, Elena and Arshi, Banafsheh and Bellou, Vanesa and Bonten, Marc MJ and others},
  journal={bmj},
  volume={369},
  year={2020},
  publisher={British Medical Journal Publishing Group}
}
@article{clift2020living,
  title={Living risk prediction algorithm (QCOVID) for risk of hospital admission and mortality from coronavirus 19 in adults: national derivation and validation cohort study},
  author={Clift, Ash K and Coupland, Carol AC and Keogh, Ruth H and Diaz-Ordaz, Karla and Williamson, Elizabeth and Harrison, Ewen M and Hayward, Andrew and Hemingway, Harry and Horby, Peter and Mehta, Nisha and others},
  journal={bmj},
  volume={371},
  year={2020},
  publisher={British Medical Journal Publishing Group}
}
@article{Jacobsen2021, 
    title={Predictors of attrition in a longitudinal population-based study of aging}, 
    volume={33}, DOI={10.1017/S1041610220000447}, 
    number={8}, 
    journal={International Psychogeriatrics}, 
    publisher={Cambridge University Press}, 
    author={Jacobsen, Erin and Ran, Xinhui and Liu, Anran and Chang, Chung-Chou H. and Ganguli, Mary}, year={2021}, pages={767–778}
}
@book{porta2014dictionary,
  title={A dictionary of epidemiology},
  author={Porta, Miquel},
  year={2014},
  publisher={Oxford university press}
}
@book{bonita2006basic,
  title={Basic epidemiology},
  author={Bonita, Ruth and Beaglehole, Robert and Kjellstr{\"o}m, Tord},
  year={2006},
  publisher={World Health Organization}
}
@article{greenland1999causal,
  title={Causal diagrams for epidemiologic research},
  author={Greenland, Sander and Pearl, Judea and Robins, James M},
  journal={Epidemiology},
  pages={37--48},
  year={1999},
  publisher={JSTOR}
}
@article{weuve2012accounting,
  title={Accounting for bias due to selective attrition: the example of smoking and cognitive decline},
  author={Weuve, Jennifer and Tchetgen, Eric J Tchetgen and Glymour, M Maria and Beck, Todd L and Aggarwal, Neelum T and Wilson, Robert S and Evans, Denis A and de Leon, Carlos F Mendes},
  journal={Epidemiology (Cambridge, Mass.)},
  volume={23},
  number={1},
  pages={119},
  year={2012},
  publisher={NIH Public Access}
}
@article{Hong2024,
    title = {Trans-Balance: Reducing demographic disparity for prediction models in the presence of class imbalance},
    journal = {Journal of Biomedical Informatics},
    volume = {149},
    pages = {104532},
    year = {2024},
    issn = {1532-0464},
    doi = {https://doi.org/10.1016/j.jbi.2023.104532},
    author = {Chuan Hong and Molei Liu and Daniel M. Wojdyla and Jimmy Hickey and Michael Pencina and Ricardo Henao}
}
@article{thakur2018use,
  title={The use of automated Ki67 analysis to predict Oncotype DX risk-of-recurrence categories in early-stage breast cancer},
  author={Thakur, Satbir Singh and Li, Haocheng and Chan, Angela MY and Tudor, Roxana and Bigras, Gilbert and Morris, Don and Enwere, Emeka K and Yang, Hua},
  journal={PLoS One},
  volume={13},
  number={1},
  pages={e0188983},
  year={2018},
  publisher={Public Library of Science San Francisco, CA USA}
}
@incollection{mei2019knowledge,
  title={Knowledge learning symbiosis for developing risk prediction models from regional EHR repositories},
  author={Mei, Jing and Xia, Eryu},
  booktitle={MEDINFO 2019: Health and Wellbeing e-Networks for All},
  pages={258--262},
  year={2019},
  publisher={IOS Press}
}
@article{Alaimo2023,
  title={2-step Gradient Boosting approach to selectivity bias correction in tax audit: an application to the VAT gap in Italy},
  author={Alaimo Di Loro, Pierfrancesco and Scacciatelli, Daria and Tagliaferri, Giovanna},
  journal={Statistical Methods \& Applications},
  volume={32},
  number={1},
  pages={237--270},
  year={2023},
  publisher={Springer}
}
@inproceedings{elkan2001foundations,
  title={The foundations of cost-sensitive learning},
  author={Elkan, Charles},
  booktitle={International joint conference on artificial intelligence},
  volume={17(1)},
  pages={973--978},
  year={2001},
  organization={Lawrence Erlbaum Associates Ltd}
}
@inproceedings{zadrozny2004learning,
  title={Learning and evaluating classifiers under sample selection bias},
  author={Zadrozny, Bianca},
  booktitle={Proceedings of the twenty-first international conference on Machine learning},
  pages={114},
  year={2004}
}
@inproceedings{cortes2008sample,
  title={Sample selection bias correction theory},
  author={Cortes, Corinna and Mohri, Mehryar and Riley, Michael and Rostamizadeh, Afshin},
  booktitle={International conference on algorithmic learning theory},
  pages={38--53},
  year={2008},
  organization={Springer}
}
@misc{vogel2020weighted,
      title={Weighted Empirical Risk Minimization: Sample Selection Bias Correction based on Importance Sampling}, 
      author={Robin Vogel and Mastane Achab and Stéphan Clémençon and Charles Tillier},
      year={2020},
      eprint={2002.05145},
      archivePrefix={arXiv},
      primaryClass={stat.ML}
}
@phdthesis{dost2022selection,
  title={Selection Bias Identification and Mitigation With No Ground Truth Information},
  author={Dost, Katharina},
  year={2022},
  school={ResearchSpace@ Auckland}
}
@article{kouw2019review,
  title={A review of domain adaptation without target labels},
  author={Kouw, Wouter M and Loog, Marco},
  journal={IEEE transactions on pattern analysis and machine intelligence},
  volume={43},
  number={3},
  pages={766--785},
  year={2019},
  publisher={IEEE}
}
@article{huang2006correcting,
  title={Correcting sample selection bias by unlabeled data},
  author={Huang, Jiayuan and Gretton, Arthur and Borgwardt, Karsten and Sch{\"o}lkopf, Bernhard and Smola, Alex},
  journal={Advances in neural information processing systems},
  volume={19},
  year={2006}
}
@article{de2021adapt,
	  title={ADAPT: Awesome Domain Adaptation Python Toolbox},
	  author={de Mathelin, Antoine and Deheeger, Fran{\c{c}}ois and Richard, Guillaume and Mougeot, Mathilde and Vayatis, Nicolas},
	  journal={arXiv preprint arXiv:2107.03049},
	  year={2021}
}
@article{sugiyama2007direct,
  title={Direct importance estimation with model selection and its application to covariate shift adaptation},
  author={Sugiyama, Masashi and Nakajima, Shinichi and Kashima, Hisashi and Buenau, Paul and Kawanabe, Motoaki},
  journal={Advances in neural information processing systems},
  volume={20},
  year={2007}
}
@book{bishop2024DL,
	author    = {Christopher M. Bishop, Hugh Bishop}, 
	title     = {Deep Learning: Foundations and Concepts},
	publisher = {Springer Cham}, 
	year      = {2023},
	address   = {Switzerland},
        DOI       = {https://doi.org/10.1007/978-3-031-45468-4}
}
@article{paszke2019pytorch,
  title={Pytorch: An imperative style, high-performance deep learning library},
  author={Paszke, Adam and Gross, Sam and Massa, Francisco and Lerer, Adam and Bradbury, James and Chanan, Gregory and Killeen, Trevor and Lin, Zeming and Gimelshein, Natalia and Antiga, Luca and others},
  journal={Advances in neural information processing systems},
  volume={32},
  year={2019}
}
@Article{Daniel2012MissForest,
    title = {MissForest - non-parametric missing value imputation for
      mixed-type data},
    author = {Daniel J. Stekhoven and Peter Buehlmann},
    journal = {Bioinformatics},
    volume = {28},
    number = {1},
    pages = {112--118},
    year = {2012},
    publisher = {Oxford Univ Press},
}
@article{jumper2021highly,
  title={Highly accurate protein structure prediction with AlphaFold},
  author={Jumper, John and Evans, Richard and Pritzel, Alexander and Green, Tim and Figurnov, Michael and Ronneberger, Olaf and Tunyasuvunakool, Kathryn and Bates, Russ and {\v{Z}}{\'\i}dek, Augustin and Potapenko, Anna and others},
  journal={Nature},
  volume={596},
  number={7873},
  pages={583--589},
  year={2021},
  publisher={Nature Publishing Group}
}
@article{vokinger2021mitigating,
  title={Mitigating bias in machine learning for medicine},
  author={Vokinger, Kerstin N and Feuerriegel, Stefan and Kesselheim, Aaron S},
  journal={Communications medicine},
  volume={1},
  number={1},
  pages={25},
  year={2021},
  publisher={Nature Publishing Group UK London}
}
@article{shimodaira2000improving,
  title={Improving predictive inference under covariate shift by weighting the log-likelihood function},
  author={Shimodaira, Hidetoshi},
  journal={Journal of statistical planning and inference},
  volume={90},
  number={2},
  pages={227--244},
  year={2000},
  publisher={Elsevier}
}
@book{hernan2023causal,
  title={Causal Inference: What If},
  author={Hernan, M.A. and Robins, J.M.},
  isbn={9781315374932},
  lccn={2022050840},
  series={Chapman \& Hall/CRC monographs on statistics \& applied probability},
  url={https://books.google.co.uk/books?id=FPkN0AEACAAJ},
  year={2023},
  publisher={Taylor \& Francis}
}
@article{berk1983introduction,
  title={An introduction to sample selection bias in sociological data},
  author={Berk, Richard A},
  journal={American sociological review},
  pages={386--398},
  year={1983},
  publisher={JSTOR}
}
@article{heckman1990varieties,
  title={Varieties of selection bias},
  author={Heckman, James},
  journal={The American Economic Review},
  volume={80},
  number={2},
  pages={313--318},
  year={1990},
  publisher={JSTOR}
}
@article{hernan2004structural,
  title={A structural approach to selection bias},
  author={Hern{\'a}n, Miguel A and Hern{\'a}ndez-D{\'\i}az, Sonia and Robins, James M},
  journal={Epidemiology},
  pages={615--625},
  year={2004},
  publisher={JSTOR}
}
@article{vella1998estimating,
  title={Estimating models with sample selection bias: a survey},
  author={Vella, Francis},
  journal={Journal of Human Resources},
  pages={127--169},
  year={1998},
  publisher={JSTOR}
}
@article{Breen_2015,
author = {Richard Breen and Seongsoo Choi and Anders Holm },
title = {Heterogeneous Causal Effects and Sample Selection Bias},
journal = {Sociological Science},
volume = {2},
number = {17},
issn = {2330-6696},
url = {http://dx.doi.org/10.15195/v2.a17},
doi = {10.15195/v2.a17},
pages = {351--369},
year = {2015},
}
@inproceedings{correa2019identification,
  title={Identification of causal effects in the presence of selection bias},
  author={Correa, Juan D and Tian, Jin and Bareinboim, Elias},
  booktitle={Proceedings of the AAAI Conference on Artificial Intelligence},
  volume={33},
  number={01},
  pages={2744--2751},
  year={2019}
}
@article{christiansen2023device,
  title={Device-based physical activity measures for population surveillance—issues of selection bias and reactivity},
  author={Christiansen, Lars Breum and Koch, Sofie and Bauman, Adrian and Toftager, Mette and Petersen, Christina Bj{\o}rk and Schipperijn, Jasper},
  journal={Frontiers in Sports and Active Living},
  volume={5},
  year={2023},
  publisher={Frontiers Media SA}
}
@article{bia2023double,
  title={Double machine learning for sample selection models},
  author={Bia, Michela and Huber, Martin and Laff{\'e}rs, Luk{\'a}{\v{s}}},
  journal={Journal of Business \& Economic Statistics},
  pages={1--12},
  year={2023},
  publisher={Taylor \& Francis}
}
@article{rojas2023selection,
  title={Selection Bias in Health Research: Quantifying, Eliminating, or Exacerbating Health Disparities?},
  author={Rojas-Saunero, L Paloma and Glymour, M Maria and Mayeda, Elizabeth Rose},
  journal={Current Epidemiology Reports},
  pages={1--10},
  year={2023},
  publisher={Springer}
}
@article{swanson2012uk,
  title={The UK Biobank and selection bias},
  author={Swanson, James M},
  journal={The Lancet},
  volume={380},
  number={9837},
  pages={110},
  year={2012},
  publisher={Elsevier}
}
@article{zhelonkin2016robust,
  title={Robust inference in sample selection models},
  author={Zhelonkin, Mikhail and Genton, Marc G and Ronchetti, Elvezio},
  journal={Journal of the Royal Statistical Society Series B: Statistical Methodology},
  volume={78},
  number={4},
  pages={805--827},
  year={2016},
  publisher={Oxford University Press}
}
@article{bradley2022addressing,
  title={Addressing selection bias in the UK Biobank neurological imaging cohort},
  author={Bradley, Valerie and Nichols, Thomas E},
  journal={MedRxiv},
  pages={2022--01},
  year={2022},
  publisher={Cold Spring Harbor Laboratory Press}
}
@article{wagenaar2021improved,
  title={Improved transferability of data-driven damage models through sample selection bias correction},
  author={Wagenaar, Dennis and Hermawan, Tiaravanni and van den Homberg, Marc JC and Aerts, Jeroen CJH and Kreibich, Heidi and de Moel, Hans and Bouwer, Laurens M},
  journal={Risk analysis},
  volume={41},
  number={1},
  pages={37--55},
  year={2021},
  publisher={Wiley Online Library}
}
@article{long2022sample,
  title={Sample selection bias in evaluation of prediction performance of causal models},
  author={Long, James P and Ha, Min Jin},
  journal={Statistical Analysis and Data Mining: The ASA Data Science Journal},
  volume={15},
  number={1},
  pages={5--14},
  year={2022},
  publisher={Wiley Online Library}
}
@article{smith2020selection,
  title={Selection mechanisms and their consequences: understanding and addressing selection bias},
  author={Smith, Louisa H},
  journal={Current Epidemiology Reports},
  volume={7},
  pages={179--189},
  year={2020},
  publisher={Springer}
}
@article{salaun2023interpretable,
  title={Interpretable Machine Learning in Kidney Offering: Multiple Outcome Prediction for Accepted Offers},
  author={Salaun, Achille and Knight, Simon and Wingfield, Laura Ruth and Zhu, Tingting},
  journal={medRxiv},
  pages={2023--08},
  year={2023},
  publisher={Cold Spring Harbor Laboratory Press}
}
@article{boonstra2021simulation,
  title={A simulation study of diagnostics for selection bias},
  author={Boonstra, Philip S and Little, Roderick JA and West, Brady T and Andridge, Rebecca R and Alvarado-Leiton, Fernanda},
  journal={Journal of official statistics},
  volume={37},
  number={3},
  pages={751--769},
  year={2021}
}
@article{rajkomar2019machine,
  title={Machine learning in medicine},
  author={Rajkomar, Alvin and Dean, Jeffrey and Kohane, Isaac},
  journal={New England Journal of Medicine},
  volume={380},
  number={14},
  pages={1347--1358},
  year={2019},
  publisher={Mass Medical Soc}
}
@article{topol2019high,
  title={High-performance medicine: the convergence of human and artificial intelligence},
  author={Topol, Eric J},
  journal={Nature medicine},
  volume={25},
  number={1},
  pages={44--56},
  year={2019},
  publisher={Nature Publishing Group US New York}
}
@article{hosny2018artificial,
  title={Artificial intelligence in radiology},
  author={Hosny, Ahmed and Parmar, Chintan and Quackenbush, John and Schwartz, Lawrence H and Aerts, Hugo JWL},
  journal={Nature Reviews Cancer},
  volume={18},
  number={8},
  pages={500--510},
  year={2018},
  publisher={Nature Publishing Group UK London}
}
@article{parsons2023independent,
  title={Independent external validation of the QRISK3 cardiovascular disease risk prediction model using UK Biobank},
  author={Parsons, Ruth E and Liu, Xiaonan and Collister, Jennifer A and Clifton, David A and Cairns, Benjamin J and Clifton, Lei},
  journal={Heart},
  volume={109},
  number={22},
  pages={1690--1697},
  year={2023},
  publisher={BMJ Publishing Group Ltd and British Cardiovascular Society}
}
@article{liu2023combining,
  title={Combining machine learning with Cox models to identify predictors for incident post-menopausal breast cancer in the UK Biobank},
  author={Liu, Xiaonan and Morelli, Davide and Littlejohns, Thomas J and Clifton, David A and Clifton, Lei},
  journal={Scientific Reports},
  volume={13},
  number={1},
  pages={9221},
  year={2023},
  publisher={Nature Publishing Group UK London}
}
@article{bishop1995neural,
  title={Neural Networks for Pattern Recognition},
  author={Bishop, CM},
  journal={Clarendon Press google schola},
  volume={2},
  pages={223--228},
  year={1995}
}
@techreport{brewer2021addressing,
  title={Addressing Sample Selection Bias for Machine Learning Methods},
  author={Brewer, Dylan and Carlson, Alyssa and others},
  year={2021},
  institution={Department of Economics, University of Missouri}
}
@article{kundu2023framework,
  title={A Framework for Understanding Selection Bias in Real-World Healthcare Data},
  author={Kundu, Ritoban and Shi, Xu and Morrison, Jean and Mukherjee, Bhramar},
  journal={arXiv preprint arXiv:2304.04652},
  year={2023}
}
@article{kompa2021second,
  title={Second opinion needed: communicating uncertainty in medical machine learning},
  author={Kompa, Benjamin and Snoek, Jasper and Beam, Andrew L},
  journal={NPJ Digital Medicine},
  volume={4},
  number={1},
  pages={4},
  year={2021},
  publisher={Nature Publishing Group UK London}
}
@article{Ellen2024,
title = {Participant flow diagrams for health equity in AI},
journal = {Journal of Biomedical Informatics},
pages = {104631},
year = {2024},
issn = {1532-0464},
doi = {https://doi.org/10.1016/j.jbi.2024.104631},
url = {https://www.sciencedirect.com/science/article/pii/S1532046424000492},
author = {Jacob G. Ellen and João Matos and Martin Viola and Jack Gallifant and Justin Quion and Leo {Anthony Celi} and Nebal S. {Abu Hussein}},
keywords = {Selection bias, Machine learning, Flow diagram, Data cards, Health equity},
}
@article{hendrickx2024machine,
  title={Machine learning with a reject option: A survey},
  author={Hendrickx, Kilian and Perini, Lorenzo and Van der Plas, Dries and Meert, Wannes and Davis, Jesse},
  journal={Machine Learning},
  pages={1--38},
  year={2024},
  publisher={Springer}
}
@article{vandersluis2024selective,
  title={The selective deployment of AI in healthcare: An ethical algorithm for algorithms},
  author={Vandersluis, Robert and Savulescu, Julian},
  journal={Bioethics},
  volume={38},
  number={5},
  pages={391--400},
  year={2024},
  publisher={Wiley Online Library}
}
@article{goetz2024generalization,
  title={Generalization—a key challenge for responsible AI in patient-facing clinical applications},
  author={Goetz, Lea and Seedat, Nabeel and Vandersluis, Robert and van der Schaar, Mihaela},
  journal={npj Digital Medicine},
  volume={7},
  number={1},
  pages={126},
  year={2024},
  publisher={Nature Publishing Group UK London}
}
@inproceedings{guo2017calibration,
  title={On calibration of modern neural networks},
  author={Guo, Chuan and Pleiss, Geoff and Sun, Yu and Weinberger, Kilian Q},
  booktitle={International conference on machine learning},
  pages={1321--1330},
  year={2017},
  organization={PMLR}
}
@article{minderer2021revisiting,
  title={Revisiting the calibration of modern neural networks},
  author={Minderer, Matthias and Djolonga, Josip and Romijnders, Rob and Hubis, Frances and Zhai, Xiaohua and Houlsby, Neil and Tran, Dustin and Lucic, Mario},
  journal={Advances in Neural Information Processing Systems},
  volume={34},
  pages={15682--15694},
  year={2021}
}
% references for composite treatment paper start here
@article{Joshi2025AI,
   author = {Shalmali Joshi and Iñigo Urteaga and Wouter A C van Amsterdam and George Hripcsak and Pierre Elias and Benjamin Recht and Noémie Elhadad and James Fackler and Mark P Sendak and Jenna Wiens and Kaivalya Deshpande and Yoav Wald and Madalina Fiterau and Zachary Lipton and Daniel Malinsky and Madhur Nayan and Hongseok Namkoong and Soojin Park and Julia E Vogt and Rajesh Ranganath},
   doi = {10.1093/jamia/ocae301},
   issn = {1067-5027},
   journal = {Journal of the American Medical Informatics Association},
   title = {AI as an intervention: improving clinical outcomes relies on a causal approach to AI development and validation},
   year = {2025},
}
@article{Prosperi2020Causal,
   author = {Mattia Prosperi and Yi Guo and Matt Sperrin and James S. Koopman and Jae S. Min and Xing He and Shannan Rich and Mo Wang and Iain E. Buchan and Jiang Bian},
   doi = {10.1038/s42256-020-0197-y},
   issn = {25225839},
   journal = {Nature Machine Intelligence},
   month = {7},
   pages = {369-375},
   publisher = {Nature Research},
   title = {Causal inference and counterfactual prediction in machine learning for actionable healthcare},
   volume = {2},
   year = {2020},
}
@article{Geloven2024,
   author = {Nan van Geloven and Ruth H Keogh and Wouter van Amsterdam and Giovanni Cinà and Jesse H. Krijthe and Niels Peek and Kim Luijken and Sara Magliacane and Paweł Morzywołek and Thijs van Ommen and Hein Putter and Matthew Sperrin and Junfeng Wang and Daniala L. Weir and Vanessa Didelez},
   month = {2},
   title = {The risks of risk assessment: causal blind spots when using prediction models for treatment decisions},
   year = {2024},
}
@inproceedings{yuan2024hypertheft,
  title={HyperTheft: Thieving Model Weights from TEE-Shielded Neural Networks via Ciphertext Side Channels},
  author={Yuan, Yuanyuan and Liu, Zhibo and Deng, Sen and Chen, Yanzuo and Wang, Shuai and Zhang, Yinqian and Su, Zhendong},
  booktitle={Proceedings of the 2024 on ACM SIGSAC Conference on Computer and Communications Security},
  pages={4346--4360},
  year={2024}
}
@inproceedings{Chan2024,
  title={Estimating Epistemic and Aleatoric Uncertainty with a Single Model},
  author={Chan, Matthew Albert and Molina, Maria J and Metzler, Christopher},
  booktitle={The Thirty-eighth Annual Conference on Neural Information Processing Systems},
    year={2024}
}
@inproceedings{shin2024effective,
  title={Effective Heterogeneous Federated Learning via Efficient Hypernetwork-based Weight Generation},
  author={Shin, Yujin and Lee, Kichang and Lee, Sungmin and Choi, You Rim and Kim, Hyung-Sin and Ko, JeongGil},
  booktitle={Proceedings of the 22nd ACM Conference on Embedded Networked Sensor Systems},
  pages={112--125},
  year={2024}
}
@inproceedings{yoo2024hyper,
  title={Hyper-CL: Conditioning Sentence Representations with Hypernetworks},
  author={Yoo, Young Hyun and Cha, Jii and Kim, Changhyeon and Kim, Taeuk},
  booktitle={The 62nd Annual Meeting of the Association for Computational Linguistics (ACL 2024)},
  year={2024}
}
@article{rangel2024learning,
  title={Learning to Forget using Hypernetworks},
  author={Rangel, Jose Miguel Lara and Schoepf, Stefan and Foster, Jack and Krueger, David and Anwar, Usman},
  journal={arXiv preprint arXiv:2412.00761},
  year={2024}
}
@ARTICLE{Zhou2024,
  author={Zhou, Mingliang and Wang, Heqiang and Wei, Xuekai and Feng, Yong and Luo, Jun and Pu, Huayan and Zhao, Jinglei and Wang, Liming and Chu, Zhigang and Wang, Xin and Fang, Bin and Shang, Zhaowei},
  journal={IEEE Transactions on Broadcasting}, 
  title={HDIQA: A Hyper Debiasing Framework for Full Reference Image Quality Assessment}, 
  year={2024},
  volume={70},
  number={2},
  pages={545-554},
  doi={10.1109/TBC.2024.3353573}}
@article{botteghi2025hyperl,
  title={HypeRL: Parameter-Informed Reinforcement Learning for Parametric PDEs},
  author={Botteghi, Nicol{\`o} and Fresca, Stefania and Guo, Mengwu and Manzoni, Andrea},
  journal={arXiv preprint arXiv:2501.04538},
  year={2025}
}
@InProceedings{Ramanarayanan_2023_ICCV,
    author    = {Ramanarayanan, Sriprabha and Al Fahim, Mohammad and S, Rahul G and Jethi, Amrit Kumar and Ram, Keerthi and Sivaprakasam, Mohanasankar},
    title     = {HyperCoil-Recon: A Hypernetwork-Based Adaptive Coil Configuration Task Switching Network for MRI Reconstruction},
    booktitle = {Proceedings of the IEEE/CVF International Conference on Computer Vision (ICCV) Workshops},
    month     = {October},
    year      = {2023},
    pages     = {2392-2401}
}
@misc{Curth2024Machine,
   author = {Alicia Curth and Richard W. Peck and Eoin McKinney and James Weatherall and Mihaela van der Schaar},
   journal = {Clinical Pharmacology and Therapeutics},
   month = {4},
   pages = {710-719},
   publisher = {John Wiley and Sons Inc},
   title = {Using Machine Learning to Individualize Treatment Effect Estimation: Challenges and Opportunities},
   volume = {115},
   year = {2024},
}
@article{kennedy2023towards,
  title={Towards optimal doubly robust estimation of heterogeneous causal effects},
  author={Kennedy, Edward H},
  journal={Electronic Journal of Statistics},
  volume={17},
  number={2},
  pages={3008--3049},
  year={2023},
  publisher={The Institute of Mathematical Statistics and the Bernoulli Society}
}
@article{zou2020counterfactual,
  title={Counterfactual prediction for bundle treatment},
  author={Zou, Hao and Cui, Peng and Li, Bo and Shen, Zheyan and Ma, Jianxin and Yang, Hongxia and He, Yue},
  journal={Advances in Neural Information Processing Systems},
  volume={33},
  pages={19705--19715},
  year={2020}
}
@article{qian2021estimating,
  title={Estimating multi-cause treatment effects via single-cause perturbation},
  author={Qian, Zhaozhi and Curth, Alicia and van der Schaar, Mihaela},
  journal={Advances in Neural Information Processing Systems},
  volume={34},
  pages={23754--23767},
  year={2021}
}
@article{wang2019blessings,
  title={The blessings of multiple causes},
  author={Wang, Yixin and Blei, David M},
  journal={Journal of the American Statistical Association},
  volume={114},
  number={528},
  pages={1574--1596},
  year={2019},
  publisher={Taylor \& Francis}
}
@inproceedings{Gao2024,
  title={Estimating Multi-cause Average Treatment Effects via Partial Cause Intervention},
  author={Gao, Hong and Chen, Quanrun and Wang, Yue and Chen, Wei and Lin, Huazhen},
  booktitle={5th Workshop on practical ML for limited/low resource settings},
year={2024}
}
@article{melnychuk2025orthogonal,
  title={Orthogonal Representation Learning for Estimating Causal Quantities},
  author={Melnychuk, Valentyn and Frauen, Dennis and Schweisthal, Jonas and Feuerriegel, Stefan},
  journal={arXiv preprint arXiv:2502.04274},
  year={2025}
}
@article{d2018society,
  title={The society of thoracic surgeons adult cardiac surgery database: 2018 update on outcomes and quality},
  author={D’Agostino, Richard S and Jacobs, Jeffrey P and Badhwar, Vinay and Fernandez, Felix G and Paone, Gaetano and Wormuth, David W and Shahian, David M},
  journal={The Annals of thoracic surgery},
  volume={105},
  number={1},
  pages={15--23},
  year={2018},
  publisher={Elsevier}
}
@article{Munger2014,
title = "Atrial fibrillation",
keywords = "Arrhythmias, Atrial fibrillation, Cardiac, Dementia, Heart failure, Stroke",
author = "Munger, {Thomas M.} and Wu, {Li Qun} and Shen, {Win K.}",
year = "2014",
doi = "10.7555/JBR.28.20130191",
language = "English (US)",
volume = "28",
pages = "1--17",
journal = "Journal of Biomedical Research",
issn = "1674-8301",
publisher = "Nanjing Medical University and Chungbuk National University Press",
number = "1",
}
@article{hajjar2007polypharmacy,
  title={Polypharmacy in elderly patients},
  author={Hajjar, Emily R and Cafiero, Angela C and Hanlon, Joseph T},
  journal={The American journal of geriatric pharmacotherapy},
  volume={5},
  number={4},
  pages={345--351},
  year={2007},
  publisher={Elsevier}
}
@article{athey2019estimating,
  title={Estimating treatment effects with causal forests: An application},
  author={Athey, Susan and Wager, Stefan},
  journal={Observational studies},
  volume={5},
  number={2},
  pages={37--51},
  year={2019},
  publisher={University of Pennsylvania Press}
}
@article{wang2020survey,
  title={A survey of word embeddings based on deep learning},
  author={Wang, Shirui and Zhou, Wenan and Jiang, Chao},
  journal={Computing},
  volume={102},
  number={3},
  pages={717--740},
  year={2020},
  publisher={Springer}
}