@article{Gou_2021,
   title={Knowledge Distillation: A Survey},
   volume={129},
   ISSN={1573-1405},
   url={http://dx.doi.org/10.1007/s11263-021-01453-z},
   DOI={10.1007/s11263-021-01453-z},
   number={6},
   journal={International Journal of Computer Vision},
   publisher={Springer Science and Business Media LLC},
   author={Gou, Jianping and Yu, Baosheng and Maybank, Stephen J. and Tao, Dacheng},
   year={2021},
   month=mar, pages={1789–1819} }

@techreport{anand2023gpt4all,
  added-at = {2023-03-29T15:32:25.000+0200},
  author = {Anand, Yuvanesh and Nussbaum, Zach and Duderstadt, Brandon and Schmidt, Benjamin and Mulyar, Andriy},
  biburl = {https://www.bibsonomy.org/bibtex/2be73fc7867bdb82f5589f49200874645/jil},
  interhash = {dcd6131165ab6c7b8a796be799f2692b},
  intrahash = {be73fc7867bdb82f5589f49200874645},
  keywords = {distilled gpt gpt3.5 model},
  timestamp = {2025-01-17T23:45:32.000+0100},
  title = {GPT4All: Training an Assistant-style Chatbot with Large Scale Data
Distillation from GPT-3.5-Turbo},
  url = {https://github.com/nomic-ai/gpt4all},
  year = 2023
}

@misc{dechezelles2024browsergym,
      title={The BrowserGym Ecosystem for Web Agent Research}, 
      author={Thibault Le Sellier De Chezelles and Maxime Gasse and Alexandre Drouin and Massimo Caccia and Léo Boisvert and Megh Thakkar and Tom Marty and Rim Assouel and Sahar Omidi Shayegan and Lawrence Keunho Jang and Xing Han Lù and Ori Yoran and Dehan Kong and Frank F. Xu and Siva Reddy and Quentin Cappart and Graham Neubig and Ruslan Salakhutdinov and Nicolas Chapados and Alexandre Lacoste},
      year={2024},
      eprint={2412.05467},
      archivePrefix={arXiv},
      primaryClass={cs.LG},
      url={https://arxiv.org/abs/2412.05467}, 
}

@misc{deng2023mind2web,
      title={Mind2Web: Towards a Generalist Agent for the Web}, 
      author={Xiang Deng and Yu Gu and Boyuan Zheng and Shijie Chen and Samuel Stevens and Boshi Wang and Huan Sun and Yu Su},
      year={2023},
      eprint={2306.06070},
      archivePrefix={arXiv},
      primaryClass={cs.CL},
      url={https://arxiv.org/abs/2306.06070}, 
}

@misc{hinton2015distilling,
      title={Distilling the Knowledge in a Neural Network}, 
      author={Geoffrey Hinton and Oriol Vinyals and Jeff Dean},
      year={2015},
      eprint={1503.02531},
      archivePrefix={arXiv},
      primaryClass={stat.ML},
      url={https://arxiv.org/abs/1503.02531}, 
}

@inproceedings{hong2024cogagent,
  title={Cogagent: A visual language model for gui agents},
  author={Hong, Wenyi and Wang, Weihan and Lv, Qingsong and Xu, Jiazheng and Yu, Wenmeng and Ji, Junhui and Wang, Yan and Wang, Zihan and Dong, Yuxiao and Ding, Ming and others},
  booktitle={Proceedings of the IEEE/CVF Conference on Computer Vision and Pattern Recognition},
  pages={14281--14290},
  year={2024}
}

@misc{hsieh2023distilling,
      title={Distilling Step-by-Step! Outperforming Larger Language Models with Less Training Data and Smaller Model Sizes}, 
      author={Cheng-Yu Hsieh and Chun-Liang Li and Chih-Kuan Yeh and Hootan Nakhost and Yasuhisa Fujii and Alexander Ratner and Ranjay Krishna and Chen-Yu Lee and Tomas Pfister},
      year={2023},
      eprint={2305.02301},
      archivePrefix={arXiv},
      primaryClass={cs.CL},
      url={https://arxiv.org/abs/2305.02301}, 
}

@article{koh2024tree,
  title={Tree search for language model agents},
  author={Koh, Jing Yu and McAleer, Stephen and Fried, Daniel and Salakhutdinov, Ruslan},
  journal={arXiv preprint arXiv:2407.01476},
  year={2024}
}

@inproceedings{lai2024autowebglm,
  title={AutoWebGLM: A Large Language Model-based Web Navigating Agent},
  author={Lai, Hanyu and Liu, Xiao and Iong, Iat Long and Yao, Shuntian and Chen, Yuxuan and Shen, Pengbo and Yu, Hao and Zhang, Hanchen and Zhang, Xiaohan and Dong, Yuxiao and others},
  booktitle={Proceedings of the 30th ACM SIGKDD Conference on Knowledge Discovery and Data Mining},
  pages={5295--5306},
  year={2024}
}

@misc{levy2024stwebagentbench,
      title={ST-WebAgentBench: A Benchmark for Evaluating Safety and Trustworthiness in Web Agents}, 
      author={Ido Levy and Ben Wiesel and Sami Marreed and Alon Oved and Avi Yaeli and Segev Shlomov},
      year={2024},
      eprint={2410.06703},
      archivePrefix={arXiv},
      primaryClass={cs.AI},
      url={https://arxiv.org/abs/2410.06703}, 
}

@misc{pan2024webcanvas,
      title={WebCanvas: Benchmarking Web Agents in Online Environments}, 
      author={Yichen Pan and Dehan Kong and Sida Zhou and Cheng Cui and Yifei Leng and Bing Jiang and Hangyu Liu and Yanyi Shang and Shuyan Zhou and Tongshuang Wu and Zhengyang Wu},
      year={2024},
      eprint={2406.12373},
      archivePrefix={arXiv},
      primaryClass={cs.CL},
      url={https://arxiv.org/abs/2406.12373}, 
}

@misc{putta2024agentq,
      title={Agent Q: Advanced Reasoning and Learning for Autonomous AI Agents}, 
      author={Pranav Putta and Edmund Mills and Naman Garg and Sumeet Motwani and Chelsea Finn and Divyansh Garg and Rafael Rafailov},
      year={2024},
      eprint={2408.07199},
      archivePrefix={arXiv},
      primaryClass={cs.AI},
      url={https://arxiv.org/abs/2408.07199}, 
}

@misc{xu2024survey,
      title={A Survey on Knowledge Distillation of Large Language Models}, 
      author={Xiaohan Xu and Ming Li and Chongyang Tao and Tao Shen and Reynold Cheng and Jinyang Li and Can Xu and Dacheng Tao and Tianyi Zhou},
      year={2024},
      eprint={2402.13116},
      archivePrefix={arXiv},
      primaryClass={cs.CL},
      url={https://arxiv.org/abs/2402.13116}, 
}

@misc{yao2023webshop,
      title={WebShop: Towards Scalable Real-World Web Interaction with Grounded Language Agents}, 
      author={Shunyu Yao and Howard Chen and John Yang and Karthik Narasimhan},
      year={2023},
      eprint={2207.01206},
      archivePrefix={arXiv},
      primaryClass={cs.CL},
      url={https://arxiv.org/abs/2207.01206}, 
}

@inproceedings{yin2024agent,
  title={Agent lumos: Unified and modular training for open-source language agents},
  author={Yin, Da and Brahman, Faeze and Ravichander, Abhilasha and Chandu, Khyathi and Chang, Kai-Wei and Choi, Yejin and Lin, Bill Yuchen},
  booktitle={Proceedings of the 62nd Annual Meeting of the Association for Computational Linguistics (Volume 1: Long Papers)},
  pages={12380--12403},
  year={2024}
}

@misc{yu2025exact,
      title={ExACT: Teaching AI Agents to Explore with Reflective-MCTS and Exploratory Learning}, 
      author={Xiao Yu and Baolin Peng and Vineeth Vajipey and Hao Cheng and Michel Galley and Jianfeng Gao and Zhou Yu},
      year={2025},
      eprint={2410.02052},
      archivePrefix={arXiv},
      primaryClass={cs.CL},
      url={https://arxiv.org/abs/2410.02052}, 
}

@article{zhou2023webarena,
  title={Webarena: A realistic web environment for building autonomous agents},
  author={Zhou, Shuyan and Xu, Frank F and Zhu, Hao and Zhou, Xuhui and Lo, Robert and Sridhar, Abishek and Cheng, Xianyi and Ou, Tianyue and Bisk, Yonatan and Fried, Daniel and others},
  journal={arXiv preprint arXiv:2307.13854},
  year={2023}
}

