@book{ abelson-et-al:scheme,
  author = "Harold Abelson and Gerald~Jay Sussman and Julie Sussman",
  title = "Structure and Interpretation of Computer Programs",
  publisher = "MIT Press",
  address = "Cambridge, Massachusetts",
  year = "1985"
}

@inproceedings{ bgf:Lixto,
  author = "Robert Baumgartner and Georg Gottlob and Sergio Flesca",
  title = "Visual Information Extraction with {Lixto}",
  booktitle = "Proceedings of the 27th International Conference on Very Large Databases",
  pages = "119--128",
  publisher = "Morgan Kaufmann",
  address = "Rome, Italy",
  month = "September",
  year = "2001"
}

@article{ brachman-schmolze:kl-one,
  author = "Ronald~J. Brachman and James~G. Schmolze",
  title = "An overview of the {KL-ONE} knowledge representation system",
  journal = "Cognitive Science",
  volume = "9",
  number = "2",
  pages = "171--216",
  month = "April--June",
  year = "1985"
}

@article{ gottlob:nonmon,
  author = "Georg Gottlob",
  title = "Complexity results for nonmonotonic logics",
  journal = "Journal of Logic and Computation",
  volume = "2",
  number = "3",
  pages = "397--425",
  month = "June",
  year = "1992"
}

@article{ gls:hypertrees,
  author = "Georg Gottlob and Nicola Leone and Francesco Scarcello",
  title = "Hypertree Decompositions and Tractable Queries",
  journal = "Journal of Computer and System Sciences",
  volume = "64",
  number = "3",
  pages = "579--627",
  month = "May",
  year = "2002"
}

@article{ levesque:functional-foundations,
  author = "Hector~J. Levesque",
  title = "Foundations of a functional approach to knowledge representation",
  journal = "Artificial Intelligence",
  volume = "23",
  number = "2",
  pages = "155--212",
  month = "July",
  year = "1984"
}

@inproceedings{ levesque:belief,
  author = "Hector~J. Levesque",
  title = "A logic of implicit and explicit belief",
  booktitle = "Proceedings of the Fourth National Conference on Artificial Intelligence",
  publisher = "American Association for Artificial Intelligence",
  pages = "198--202",
  address = "Austin, Texas",
  month = "August",
  year = "1984"
}

@article{ nebel:jair-2000,
  author = "Bernhard Nebel",
  title = "On the compilability and expressive power of propositional planning formalisms",
  journal = "Journal of Artificial Intelligence Research",
  volume = "12",
  pages = "271--315",
  year = "2000"
}

 @misc{proceedings,
  author = {{IJCAI Proceedings}},
  title = {{IJCAI} Camera Ready Submission},
  howpublished = {\url{https://proceedings.ijcai.org/info}},
}


%begin
@inproceedings{DBLP:LeeNYLFGFXJMM22,
  author       = {Kuang{-}Huei Lee and
                  Ofir Nachum and
                  Mengjiao Yang and
                  Lisa Lee and
                  Daniel Freeman and
                  Sergio Guadarrama and
                  Ian Fischer and
                  Winnie Xu and
                  Eric Jang and
                  Henryk Michalewski and
                  Igor Mordatch},
  title        = {Multi-Game Decision Transformers},
  booktitle    = {NeurIPS},
  year         = {2022}
}

@inproceedings{DBLP:JannerFZL19,
  author       = {Michael Janner and
                  Justin Fu and
                  Marvin Zhang and
                  Sergey Levine},
  title        = {When to Trust Your Model: Model-Based Policy Optimization},
  booktitle    = {NeurIPS},
  pages        = {12498--12509},
  year         = {2019}
}

@inproceedings{DBLP:YuTYEZLFM20,
  author       = {Tianhe Yu and
                  Garrett Thomas and
                  Lantao Yu and
                  Stefano Ermon and
                  James Y. Zou and
                  Sergey Levine and
                  Chelsea Finn and
                  Tengyu Ma},
  title        = {{MOPO:} Model-based Offline Policy Optimization},
  booktitle    = {NeurIPS},
  year         = {2020}
}

@inproceedings{DBLP:KidambiRNJ20,
  author       = {Rahul Kidambi and
                  Aravind Rajeswaran and
                  Praneeth Netrapalli and
                  Thorsten Joachims},
  title        = {MOReL: Model-Based Offline Reinforcement Learning},
  booktitle    = {NeurIPS},
  year         = {2020}
}

@article{yu2021combo,
  author={Yu, Tianhe and Kumar, Aviral and Rafailov, Rafael and Rajeswaran, Aravind and Levine, Sergey and Finn, Chelsea},
  title={Combo: Conservative offline model-based policy optimization},
  journal={Advances in neural information processing systems},
  volume={34},
  pages={28954--28967},
  year={2021}
}

@inproceedings{DBLP:ZhanZX22,
  author       = {Xianyuan Zhan and
                  Xiangyu Zhu and
                  Haoran Xu},
  editor       = {Luc De Raedt},
  title        = {Model-Based Offline Planning with Trajectory Pruning},
  booktitle    = {{IJCAI}},
  pages        = {3716--3722},
  publisher    = {ijcai.org},
  year         = {2022}
}

@inproceedings{DBLP:WangLJZLZ21,
  author       = {Jianhao Wang and
                  Wenzhe Li and
                  Haozhe Jiang and
                  Guangxiang Zhu and
                  Siyuan Li and
                  Chongjie Zhang},
  title        = {Offline Reinforcement Learning with Reverse Model-based Imagination},
  booktitle    = {NeurIPS},
  pages        = {29420--29432},
  year         = {2021}
}

@inproceedings{DBLP:LyuLL22,
  author       = {Jiafei Lyu and
                  Xiu Li and
                  Zongqing Lu},
  title        = {Double Check Your State Before Trusting It: Confidence-Aware Bidirectional
                  Offline Model-Based Imagination},
  booktitle    = {NeurIPS},
  year         = {2022}
}

@article{DBLP:abs-2402-12527,
  author       = {Anya Sims and
                  Cong Lu and
                  Yee Whye Teh},
  title        = {The Edge-of-Reach Problem in Offline Model-Based Reinforcement Learning},
  journal      = {CoRR},
  volume       = {abs/2402.12527},
  year         = {2024}
}
@inproceedings{DBLP:FujimotoMP19,
  author       = {Scott Fujimoto and
                  David Meger and
                  Doina Precup},
  title        = {Off-Policy Deep Reinforcement Learning without Exploration},
  booktitle    = {{ICML}},
  series       = {Proceedings of Machine Learning Research},
  volume       = {97},
  pages        = {2052--2062},
  publisher    = {{PMLR}},
  year         = {2019}
}

@inproceedings{DBLP:KostrikovNL22,
  author       = {Ilya Kostrikov and
                  Ashvin Nair and
                  Sergey Levine},
  title        = {Offline Reinforcement Learning with Implicit Q-Learning},
  booktitle    = {{ICLR}},
  publisher    = {OpenReview.net},
  year         = {2022}
}

@inproceedings{DBLP:AgarwalS020,
  author       = {Rishabh Agarwal and
                  Dale Schuurmans and
                  Mohammad Norouzi},
  title        = {An Optimistic Perspective on Offline Reinforcement Learning},
  booktitle    = {{ICML}},
  series       = {Proceedings of Machine Learning Research},
  volume       = {119},
  pages        = {104--114},
  publisher    = {{PMLR}},
  year         = {2020}
}

@inproceedings{DBLP:GeladaB19,
  author       = {Carles Gelada and
                  Marc G. Bellemare},
  title        = {Off-Policy Deep Reinforcement Learning by Bootstrapping the Covariate
                  Shift},
  booktitle    = {{AAAI}},
  pages        = {3647--3655},
  publisher    = {{AAAI} Press},
  year         = {2019}
}

@inproceedings{DBLP:DeisenrothR11,
  author       = {Marc Peter Deisenroth and
                  Carl Edward Rasmussen},
  title        = {{PILCO:} {A} Model-Based and Data-Efficient Approach to Policy Search},
  booktitle    = {{ICML}},
  pages        = {465--472},
  publisher    = {Omnipress},
  year         = {2011}}
}

@inproceedings{DBLP:Talvitie17,
  author       = {Erik Talvitie},
  editor       = {Satinder Singh and
                  Shaul Markovitch},
  title        = {Self-Correcting Models for Model-Based Reinforcement Learning},
  booktitle    = {{AAAI}},
  pages        = {2597--2603},
  publisher    = {{AAAI} Press},
  year         = {2017}
}

@inproceedings{DBLP:AsadiML18,
  author       = {Kavosh Asadi and
                  Dipendra Misra and
                  Michael L. Littman},
  title        = {Lipschitz Continuity in Model-based Reinforcement Learning},
  booktitle    = {{ICML}},
  series       = {Proceedings of Machine Learning Research},
  volume       = {80},
  pages        = {264--273},
  publisher    = {{PMLR}},
  year         = {2018}
}

@article{DBLP:abs-2111-11097,
  author       = {Christopher Diehl and
                  Timo Sievernich and
                  Martin Kr{\"{u}}ger and
                  Frank Hoffmann and
                  Torsten Bertram},
  title        = {{UMBRELLA:} Uncertainty-Aware Model-Based Offline Reinforcement Learning
                  Leveraging Planning},
  journal      = {CoRR},
  volume       = {abs/2111.11097},
  year         = {2021},
  url          = {https://arxiv.org/abs/2111.11097},
  eprinttype    = {arXiv}
}


@article{chen2022lapo,
  author={Chen, Xi and Ghadirzadeh, Ali and Yu, Tianhe and Wang, Jianhao and Gao, Alex Yuan and Li, Wenzhe and Bin, Liang and Finn, Chelsea and Zhang, Chongjie},
  title={Lapo: Latent-variable advantage-weighted policy optimization for offline reinforcement learning},
  journal={Advances in Neural Information Processing Systems},
  volume={35},
  pages={36902--36913},
  year={2022}
}

@inproceedings{DBLP:YangJZMS22,
  author       = {Yijun Yang and
                  Jing Jiang and
                  Tianyi Zhou and
                  Jie Ma and
                  Yuhui Shi},
  title        = {Pareto Policy Pool for Model-based Offline Reinforcement Learning},
  booktitle    = {{ICLR}},
  publisher    = {OpenReview.net},
  year         = {2022}
}

@inproceedings{DBLP:LuBPOR22,
  author       = {Cong Lu and
                  Philip J. Ball and
                  Jack Parker{-}Holder and
                  Michael A. Osborne and
                  Stephen J. Roberts},
  title        = {Revisiting Design Choices in Offline Model Based Reinforcement Learning},
  booktitle    = {{ICLR}},
  publisher    = {OpenReview.net},
  year         = {2022}
}

@inproceedings{DBLP:00010K21,
  author       = {Byung{-}Jun Lee and
                  Jongmin Lee and
                  Kee{-}Eung Kim},
  title        = {Representation Balancing Offline Model-based Reinforcement Learning},
  booktitle    = {{ICLR}},
  publisher    = {OpenReview.net},
  year         = {2021}
}

@inproceedings{DBLP:YangZFZ22,
  author       = {Shentao Yang and
                  Shujian Zhang and
                  Yihao Feng and
                  Mingyuan Zhou},
  title        = {A Unified Framework for Alternating Offline Model Training and Policy
                  Learning},
  booktitle    = {NeurIPS},
  year         = {2022}
}

@inproceedings{DBLP:RigterLH22,
  author       = {Marc Rigter and
                  Bruno Lacerda and
                  Nick Hawes},
  title        = {{RAMBO-RL:} Robust Adversarial Model-Based Offline Reinforcement Learning},
  booktitle    = {NeurIPS},
  year         = {2022}
}

@inproceedings{DBLP:GuoSG22,
  author       = {Kaiyang Guo and
                  Yunfeng Shao and
                  Yanhui Geng},
  title        = {Model-Based Offline Reinforcement Learning with Pessimism-Modulated
                  Dynamics Belief},
  booktitle    = {NeurIPS},
  year         = {2022}
}

@article{hu2024transforming,
  author={Hu, Shengchao and Shen, Li and Zhang, Ya and Chen, Yixin and Tao, Dacheng},
  title={On Transforming Reinforcement Learning With Transformers: The Development Trajectory},
  journal={IEEE Transactions on Pattern Analysis and Machine Intelligence},
  year={2024},
  publisher={IEEE}
}

@inproceedings{DBLP:VaswaniSPUJGKP17,
  author       = {Ashish Vaswani and
                  Noam Shazeer and
                  Niki Parmar and
                  Jakob Uszkoreit and
                  Llion Jones and
                  Aidan N. Gomez and
                  Lukasz Kaiser and
                  Illia Polosukhin},
  title        = {Attention is All you Need},
  booktitle    = {NeurIPS},
  pages        = {5998--6008},
  year         = {2017}
}

@inproceedings{DBLP:JannerLL21,
  author       = {Michael Janner and
                  Qiyang Li and
                  Sergey Levine},
  title        = {Offline Reinforcement Learning as One Big Sequence Modeling Problem},
  booktitle    = {NeurIPS},
  pages        = {1273--1286},
  year         = {2021}
}

@inproceedings{DBLP:DT,
  author       = {Lili Chen and
                  Kevin Lu and
                  Aravind Rajeswaran and
                  Kimin Lee and
                  Aditya Grover and
                  Michael Laskin and
                  Pieter Abbeel and
                  Aravind Srinivas and
                  Igor Mordatch},
  title        = {Decision Transformer: Reinforcement Learning via Sequence Modeling},
  booktitle    = {NeurIPS},
  pages        = {15084--15097},
  year         = {2021}
}

@inproceedings{DBLP:YamagataKS23,
  author       = {Taku Yamagata and
                  Ahmed Khalil and
                  Ra{\'{u}}l Santos{-}Rodr{\'{\i}}guez},
  title        = {Q-learning Decision Transformer: Leveraging Dynamic Programming for
                  Conditional Sequence Modelling in Offline {RL}},
  booktitle    = {{ICML}},
  series       = {Proceedings of Machine Learning Research},
  volume       = {202},
  pages        = {38989--39007},
  publisher    = {{PMLR}},
  year         = {2023}
}

@inproceedings{DBLP:ZhengZG22,
  author       = {Qinqing Zheng and
                  Amy Zhang and
                  Aditya Grover},
  title        = {Online Decision Transformer},
  booktitle    = {{ICML}},
  series       = {Proceedings of Machine Learning Research},
  volume       = {162},
  pages        = {27042--27059},
  publisher    = {{PMLR}},
  year         = {2022}
}

@inproceedings{DBLP:BadrinathFNB23,
  author       = {Anirudhan Badrinath and
                  Yannis Flet{-}Berliac and
                  Allen Nie and
                  Emma Brunskill},
  title        = {Waypoint Transformer: Reinforcement Learning via Supervised Learning
                  with Intermediate Targets},
  booktitle    = {NeurIPS},
  year         = {2023}
}

@inproceedings{DBLP:GaoWCKZ024,
  author       = {Chenxiao Gao and
                  Chenyang Wu and
                  Mingjun Cao and
                  Rui Kong and
                  Zongzhang Zhang and
                  Yang Yu},
  title        = {{ACT:} Empowering Decision Transformer with Dynamic Programming via
                  Advantage Conditioning},
  booktitle    = {{AAAI}},
  pages        = {12127--12135},
  publisher    = {{AAAI} Press},
  year         = {2024}
}

@article{DBLP:abs-2004-07219,
  author       = {Justin Fu and
                  Aviral Kumar and
                  Ofir Nachum and
                  George Tucker and
                  Sergey Levine},
  title        = {{D4RL:} Datasets for Deep Data-Driven Reinforcement Learning},
  journal      = {CoRR},
  volume       = {abs/2004.07219},
  year         = {2020},
  url          = {https://arxiv.org/abs/2004.07219},
  eprinttype    = {arXiv}
}


@inproceedings{DBLP:KumarZTL20,
  author       = {Aviral Kumar and
                  Aurick Zhou and
                  George Tucker and
                  Sergey Levine},
  title        = {Conservative Q-Learning for Offline Reinforcement Learning},
  booktitle    = {NeurIPS},
  year         = {2020}
}

@inproceedings{DBLP:WuZYGGPLHPYJCCL24,
  author       = {Fan Wu and
                  Rui Zhang and
                  Qi Yi and
                  Yunkai Gao and
                  Jiaming Guo and
                  Shaohui Peng and
                  Siming Lan and
                  Husheng Han and
                  Yansong Pan and
                  Kaizhao Yuan and
                  Pengwei Jin and
                  Ruizhi Chen and
                  Yunji Chen and
                  Ling Li},
  title        = {{OCEAN-MBRL:} Offline Conservative Exploration for Model-Based Offline
                  Reinforcement Learning},
  booktitle    = {{AAAI}},
  pages        = {15897--15905},
  publisher    = {{AAAI} Press},
  year         = {2024}
}

@inproceedings{DBLP:LuBTP23,
  author       = {Cong Lu and
                  Philip J. Ball and
                  Yee Whye Teh and
                  Jack Parker{-}Holder},
  title        = {Synthetic Experience Replay},
  booktitle    = {NeurIPS},
  year         = {2023}
}

@article{DBLP:abs-2406-12550,
  author       = {Jie{-}Jing Shao and
                  Hao{-}Sen Shi and
                  Lan{-}Zhe Guo and
                  Yu{-}Feng Li},
  title        = {Offline Imitation Learning with Model-based Reverse Augmentation},
  journal      = {CoRR},
  volume       = {abs/2406.12550},
  year         = {2024},
  url          = {https://doi.org/10.48550/arXiv.2406.12550},
  doi          = {10.48550/ARXIV.2406.12550},
  eprinttype    = {arXiv}
}

@article{DBLP:LuoXLCZY24,
  author       = {Fan{-}Ming Luo and
                  Tian Xu and
                  Hang Lai and
                  Xiong{-}Hui Chen and
                  Weinan Zhang and
                  Yang Yu},
  title        = {A survey on model-based reinforcement learning},
  journal      = {Sci. China Inf. Sci.},
  volume       = {67},
  number       = {2},
  year         = {2024}
}

@article{DBLP:MoerlandBPJ23,
  author       = {Thomas M. Moerland and
                  Joost Broekens and
                  Aske Plaat and
                  Catholijn M. Jonker},
  title        = {Model-based Reinforcement Learning: {A} Survey},
  journal      = {Found. Trends Mach. Learn.},
  volume       = {16},
  number       = {1},
  pages        = {1--118},
  year         = {2023}
}

@inproceedings{DBLP:MaT0M23,
  author       = {Yi Ma and
                  Hongyao Tang and
                  Dong Li and
                  Zhaopeng Meng},
  title        = {Reining Generalization in Offline Reinforcement Learning via Representation
                  Distinction},
  booktitle    = {NeurIPS},
  year         = {2023}
}

@inproceedings{DBLP:ParkL23,
  author       = {Seohong Park and
                  Sergey Levine},
  title        = {Predictable {MDP} Abstraction for Unsupervised Model-Based {RL}},
  booktitle    = {{ICML}},
  volume       = {202},
  pages        = {27246--27268},
  publisher    = {{PMLR}},
  year         = {2023}
}
@inproceedings{DBLP:WagenmakerSJ23,
  author       = {Andrew Wagenmaker and
                  Guanya Shi and
                  Kevin G. Jamieson},
  title        = {Optimal Exploration for Model-Based {RL} in Nonlinear Systems},
  booktitle    = {NeurIPS},
  year         = {2023}
}

@inproceedings{DBLP:ZhengWXH23,
  author       = {Ruijie Zheng and
                  Xiyao Wang and
                  Huazhe Xu and
                  Furong Huang},
  title        = {Is Model Ensemble Necessary? Model-based {RL} via a Single Model with
                  Lipschitz Regularized Value Function},
  booktitle    = {{ICLR}},
  publisher    = {OpenReview.net},
  year         = {2023}
}

@inproceedings{DBLP:SunZJLYY23,
  author       = {Yihao Sun and
                  Jiaji Zhang and
                  Chengxing Jia and
                  Haoxin Lin and
                  Junyin Ye and
                  Yang Yu},
  title        = {Model-Bellman Inconsistency for Model-based Offline Reinforcement
                  Learning},
  booktitle    = {{ICML}},
  series       = {Proceedings of Machine Learning Research},
  volume       = {202},
  pages        = {33177--33194},
  publisher    = {{PMLR}},
  year         = {2023}
}

@inproceedings{DBLP:LuisBVB023,
  author       = {Carlos E. Luis and
                  Alessandro G. Bottero and
                  Julia Vinogradska and
                  Felix Berkenkamp and
                  Jan Peters},
  title        = {Model-Based Uncertainty in Value Functions},
  booktitle    = {AAAI},
  series       = {Proceedings of Machine Learning Research},
  volume       = {206},
  pages        = {8029--8052},
  publisher    = {{PMLR}},
  year         = {2023}
}

@inproceedings{DBLP:TrevenHSD023,
  author       = {Lenart Treven and
                  Jonas H{\"{u}}botter and
                  Bhavya Sukhija and
                  Florian D{\"{o}}rfler and
                  Andreas Krause},
  title        = {Efficient Exploration in Continuous-time Model-based Reinforcement
                  Learning},
  booktitle    = {NeurIPS},
  year         = {2023}
}
@article{DBLP:DiehlSKHB23,
  author       = {Christopher Diehl and
                  Timo Sievernich and
                  Martin Kr{\"{u}}ger and
                  Frank Hoffmann and
                  Torsten Bertram},
  title        = {Uncertainty-Aware Model-Based Offline Reinforcement Learning for Automated
                  Driving},
  journal      = {{IEEE} Robotics Autom. Lett.},
  volume       = {8},
  number       = {2},
  pages        = {1167--1174},
  year         = {2023}
}

@article{DBLP:BhardwajRSAHCK24,
  author       = {Arjun Bhardwaj and
                  Jonas Rothfuss and
                  Bhavya Sukhija and
                  Yarden As and
                  Marco Hutter and
                  Stelian Coros and
                  Andreas Krause},
  title        = {Data-Efficient Task Generalization via Probabilistic Model-Based Meta
                  Reinforcement Learning},
  journal      = {{IEEE} Robotics Autom. Lett.},
  volume       = {9},
  number       = {4},
  pages        = {3918--3925},
  year         = {2024}
}
@inproceedings{DBLP:ChenZX024,
  author       = {Yiding Chen and
                  Xuezhou Zhang and
                  Qiaomin Xie and
                  Xiaojin Zhu},
  title        = {Exact Policy Recovery in Offline {RL} with Both Heavy-Tailed Rewards
                  and Data Corruption},
  booktitle    = {{AAAI}},
  pages        = {11416--11424},
  publisher    = {{AAAI} Press},
  year         = {2024}
}

@inproceedings{DBLP:DeyDD24,
  author       = {Sumanta Dey and
                  Pallab Dasgupta and
                  Soumyajit Dey},
  title        = {{P2BPO:} Permeable Penalty Barrier-Based Policy Optimization for Safe
                  {RL}},
  booktitle    = {{AAAI}},
  pages        = {21029--21036},
  publisher    = {{AAAI} Press},
  year         = {2024}
}

@inproceedings{DBLP:ZhangLMY0WL23,
  author       = {Junjie Zhang and
                  Jiafei Lyu and
                  Xiaoteng Ma and
                  Jiangpeng Yan and
                  Jun Yang and
                  Le Wan and
                  Xiu Li},
  title        = {Uncertainty-Driven Trajectory Truncation for Data Augmentation in
                  Offline Reinforcement Learning},
  booktitle    = {{ECAI}},
  series       = {Frontiers in Artificial Intelligence and Applications},
  volume       = {372},
  pages        = {3018--3025},
  publisher    = {{IOS} Press},
  year         = {2023}
}

@inproceedings{DBLP:000224,
  author       = {Naman Shah},
  title        = {Learning Neuro-Symbolic Abstractions for Robot Planning and Learning},
  booktitle    = {{AAAI}},
  pages        = {23417--23418},
  publisher    = {{AAAI} Press},
  year         = {2024}
}

@inproceedings{DBLP:Ashton24,
  author       = {Salena Torres Ashton},
  title        = {Domain Engineering to Represent Human Behavior Using Multi-Agent Planning
                  and Inductive Methodologies},
  booktitle    = {{AAAI}},
  pages        = {23381--23382},
  publisher    = {{AAAI} Press},
  year         = {2024}
}

@inproceedings{DBLP:HeWWST22,
  author       = {Zhiwei He and
                  Xing Wang and
                  Rui Wang and
                  Shuming Shi and
                  Zhaopeng Tu},
  title        = {Bridging the Data Gap between Training and Inference for Unsupervised
                  Neural Machine Translation},
  booktitle    = {{ACL}},
  pages        = {6611--6623},
  publisher    = {Association for Computational Linguistics},
  year         = {2022}
}

@inproceedings{DBLP:BlanchetLZZ23,
  author       = {Jose H. Blanchet and
                  Miao Lu and
                  Tong Zhang and
                  Han Zhong},
  title        = {Double Pessimism is Provably Efficient for Distributionally Robust
                  Offline Reinforcement Learning: Generic Algorithm and Robust Partial
                  Coverage},
  booktitle    = {NeurIPS},
  year         = {2023}
}

@inproceedings{DBLP:Li024,
  author       = {Xinshu Li and
                  Lina Yao},
  title        = {Distribution-Conditioned Adversarial Variational Autoencoder for Valid
                  Instrumental Variable Generation},
  booktitle    = {{AAAI}},
  pages        = {13664--13672},
  publisher    = {{AAAI} Press},
  year         = {2024}
}

@inproceedings{DBLP:ZhaoZFHSC24,
  author       = {Rui Zhao and
                  Liang Zhang and
                  Biao Fu and
                  Cong Hu and
                  Jinsong Su and
                  Yidong Chen},
  title        = {Conditional Variational Autoencoder for Sign Language Translation
                  with Cross-Modal Alignment},
  booktitle    = {{AAAI}},
  pages        = {19643--19651},
  publisher    = {{AAAI} Press},
  year         = {2024}
}

@article{DBLP:ChenWZDLL24,
  author       = {Wei Chen and
                  Hongjun Wang and
                  Yinghui Zhang and
                  Ping Deng and
                  Zhipeng Luo and
                  Tianrui Li},
  title        = {T-Distributed Stochastic Neighbor Embedding for Co-Representation
                  Learning},
  journal      = {{ACM} Trans. Intell. Syst. Technol.},
  volume       = {15},
  number       = {2},
  pages        = {23:1--23:18},
  year         = {2024}
}

@inproceedings{DBLP:ChenKNSV23,
  author       = {Changyu Chen and
                  Ramesha Karunasena and
                  Thanh Hong Nguyen and
                  Arunesh Sinha and
                  Pradeep Varakantham},
  title        = {Generative Modelling of Stochastic Actions with Arbitrary Constraints
                  in Reinforcement Learning},
  booktitle    = {NeurIPS},
  year         = {2023}
}

@inproceedings{DBLP:LuSV24,
  author       = {Yuxiao Lu and
                  Arunesh Sinha and
                  Pradeep Varakantham},
  title        = {Handling Long and Richly Constrained Tasks through Constrained Hierarchical
                  Reinforcement Learning},
  booktitle    = {{AAAI}},
  pages        = {21368--21377},
  publisher    = {{AAAI} Press},
  year         = {2024}
}

@inproceedings{DBLP:LiZWHDLLFG24,
  author       = {Chao Li and
                  Yupeng Zhang and
                  Jianqi Wang and
                  Yujing Hu and
                  Shaokang Dong and
                  Wenbin Li and
                  Tangjie Lv and
                  Changjie Fan and
                  Yang Gao},
  title        = {Optimistic Value Instructors for Cooperative Multi-Agent Reinforcement
                  Learning},
  booktitle    = {{AAAI}},
  pages        = {17453--17460},
  publisher    = {{AAAI} Press},
  year         = {2024}
}

@inproceedings{DBLP:WuJSYL24,
  author       = {Di Wu and
                  Yuling Jiao and
                  Li Shen and
                  Haizhao Yang and
                  Xiliang Lu},
  title        = {Neural Network Approximation for Pessimistic Offline Reinforcement
                  Learning},
  booktitle    = {{AAAI}},
  pages        = {15868--15877},
  publisher    = {{AAAI} Press},
  year         = {2024}
}

@inproceedings{DBLP:HoangMV24,
  author       = {Huy Hoang and
                  Tien Mai and
                  Pradeep Varakantham},
  title        = {Imitate the Good and Avoid the Bad: An Incremental Approach to Safe
                  Reinforcement Learning},
  booktitle    = {{AAAI}},
  pages        = {12439--12447},
  publisher    = {{AAAI} Press},
  year         = {2024}
}

@inproceedings{DBLP:0011LH024,
  author       = {Jiawei Chen and
                  Hongyu Lin and
                  Xianpei Han and
                  Le Sun},
  title        = {Benchmarking Large Language Models in Retrieval-Augmented Generation},
  booktitle    = {{AAAI}},
  pages        = {17754--17762},
  publisher    = {{AAAI} Press},
  year         = {2024}
}

@inproceedings{DBLP:LiYWZZ24,
  author       = {Bo Li and
                  Wei Ye and
                  Quansen Wang and
                  Wen Zhao and
                  Shikun Zhang},
  title        = {Labels Need Prompts Too: Mask Matching for Natural Language Understanding
                  Tasks},
  booktitle    = {{AAAI}},
  pages        = {18453--18461},
  publisher    = {{AAAI} Press},
  year         = {2024}
}

@inproceedings{DBLP:ZhangZWCSX24,
  author       = {Fang Zhang and
                  Yongxin Zhu and
                  Xiangxiang Wang and
                  Huang Chen and
                  Xing Sun and
                  Linli Xu},
  title        = {Visual Hallucination Elevates Speech Recognition},
  booktitle    = {{AAAI}},
  pages        = {19542--19550},
  publisher    = {{AAAI} Press},
  year         = {2024}
}

@inproceedings{DBLP:HuangLYSCYWHHLR24,
  author       = {Rongjie Huang and
                  Mingze Li and
                  Dongchao Yang and
                  Jiatong Shi and
                  Xuankai Chang and
                  Zhenhui Ye and
                  Yuning Wu and
                  Zhiqing Hong and
                  Jiawei Huang and
                  Jinglin Liu and
                  Yi Ren and
                  Yuexian Zou and
                  Zhou Zhao and
                  Shinji Watanabe},
  title        = {AudioGPT: Understanding and Generating Speech, Music, Sound, and Talking
                  Head},
  booktitle    = {{AAAI}},
  pages        = {23802--23804},
  publisher    = {{AAAI} Press},
  year         = {2024}
}

@inproceedings{DBLP:Cui0000L24,
  author       = {Xiaohan Cui and
                  Long Ma and
                  Tengyu Ma and
                  Jinyuan Liu and
                  Xin Fan and
                  Risheng Liu},
  title        = {Trash to Treasure: Low-Light Object Detection via Decomposition-and-Aggregation},
  booktitle    = {{AAAI}},
  pages        = {1417--1425},
  publisher    = {{AAAI} Press},
  year         = {2024}
}

@inproceedings{DBLP:LeeHLM24,
  author       = {Wooju Lee and
                  Dasol Hong and
                  Hyungtae Lim and
                  Hyun Myung},
  title        = {Object-Aware Domain Generalization for Object Detection},
  booktitle    = {{AAAI}},
  pages        = {2947--2955},
  publisher    = {{AAAI} Press},
  year         = {2024}
}
@inproceedings{DBLP:WangYW0Q24,
  author       = {Yuanfu Wang and
                  Chao Yang and
                  Ying Wen and
                  Yu Liu and
                  Yu Qiao},
  title        = {Critic-Guided Decision Transformer for Offline Reinforcement Learning},
  booktitle    = {{AAAI}},
  pages        = {15706--15714},
  publisher    = {{AAAI} Press},
  year         = {2024}
}

@inproceedings{DBLP:ZhangLLN0LO24,
  author       = {Yinmin Zhang and
                  Jie Liu and
                  Chuming Li and
                  Yazhe Niu and
                  Yaodong Yang and
                  Yu Liu and
                  Wanli Ouyang},
  title        = {A Perspective of Q-value Estimation on Offline-to-Online Reinforcement
                  Learning},
  booktitle    = {{AAAI}},
  pages        = {16908--16916},
  publisher    = {{AAAI} Press},
  year         = {2024}
}

@inproceedings{DBLP:ZhangZWJ23,
  author       = {Jing Zhang and
                  Chi Zhang and
                  Wenjia Wang and
                  Bingyi Jing},
  title        = {Constrained Policy Optimization with Explicit Behavior Density For
                  Offline Reinforcement Learning},
  booktitle    = {Advances in Neural Information Processing Systems 36: Annual Conference
                  on Neural Information Processing Systems 2023, NeurIPS 2023, New Orleans,
                  LA, USA, December 10 - 16, 2023},
  year         = {2023}
}

@article{DBLP:HoY10a,
  author       = {Siu{-}Wai Ho and
                  Raymond W. Yeung},
  title        = {The Interplay Between Entropy and Variational Distance},
  journal      = {{IEEE} Trans. Inf. Theory},
  volume       = {56},
  number       = {12},
  pages        = {5906--5929},
  year         = {2010}
}

@inproceedings{DBLP:PengHLZ23,
  author       = {Zhiyong Peng and
                  Changlin Han and
                  Yadong Liu and
                  Zongtan Zhou},
  title        = {Weighted Policy Constraints for Offline Reinforcement Learning},
  booktitle    = {{AAAI}},
  pages        = {9435--9443},
  publisher    = {{AAAI} Press},
  year         = {2023}
}

@article{DBLP:abs-2005-01643,
  author       = {Sergey Levine and
                  Aviral Kumar and
                  George Tucker and
                  Justin Fu},
  title        = {Offline Reinforcement Learning: Tutorial, Review, and Perspectives
                  on Open Problems},
  journal      = {CoRR},
  volume       = {abs/2005.01643},
  year         = {2020},
  url          = {https://arxiv.org/abs/2005.01643},
  eprinttype    = {arXiv}
}

@inproceedings{DBLP:TorabiWS18,
  author       = {Faraz Torabi and
                  Garrett Warnell and
                  Peter Stone},
  title        = {Behavioral Cloning from Observation},
  booktitle    = {{IJCAI}},
  pages        = {4950--4957},
  publisher    = {ijcai.org},
  year         = {2018}
}

@inproceedings{DBLP:LiSZL024,
  author       = {Guanghe Li and
                  Yixiang Shan and
                  Zhengbang Zhu and
                  Ting Long and
                  Weinan Zhang},
  title        = {DiffStitch: Boosting Offline Reinforcement Learning with Diffusion-based
                  Trajectory Stitching},
  booktitle    = {{ICML}},
  publisher    = {OpenReview.net},
  year         = {2024}
}

@article{DBLP:SwazinnaUR21,
  author       = {Phillip Swazinna and
                  Steffen Udluft and
                  Thomas A. Runkler},
  title        = {Overcoming model bias for robust offline deep reinforcement learning},
  journal      = {Eng. Appl. Artif. Intell.},
  volume       = {104},
  pages        = {104366},
  year         = {2021}
}

@article{van2008visualizing,
  author={Van der Maaten, Laurens and Hinton, Geoffrey},
  title={Visualizing data using t-SNE.},
  journal={Journal of machine learning research},
  volume={9},
  number={11},
  year={2008}
}

@article{DBLP:abs-1909-05858,
  author       = {Nitish Shirish Keskar and
                  Bryan McCann and
                  Lav R. Varshney and
                  Caiming Xiong and
                  Richard Socher},
  title        = {{CTRL:} {A} Conditional Transformer Language Model for Controllable
                  Generation},
  journal      = {CoRR},
  volume       = {abs/1909.05858},
  year         = {2019}
}